3584 5350
510 355 627 416 292
712 350 930 417 LIBER'
954 370 1052 416 111.
1080 393 1107 404 -
1135 371 1368 418 TRAOT.
1412 373 1483 416 11.
1527 371 1656 416 Trr.
1702 371 1793 417 vr.
1838 369 1924 416 131³:
1953 367 2180 418 mmm.
2211 367 2581 416 vehimur.
2612 367 2844 434 Aemi„
2873 367 3014 417 mc.

507 522 842 605 praestari
886 522 987 586 eis
1035 514 1257 604 p'otest
1286 523 1445 602 (39):
1494 521 1565 587 et
1609 521 1996 606 legitimam
2044 520 2610 588 descendentium
2679 521 3174 605 legitimorum,

511 631 617 695 vel
668 629 1261 714 adscendentium,
1309 646 1451 695 non
1500 630 1756 694 minuit
1801 645 2014 712 penes
2059 647 2228 714 nos;
2276 629 2429 696 ideo
2476 646 2564 695 ex
2611 628 3010 713 disponibili
3073 629 3177 694 est

508 735 936 802 detrahenda
967 737 1127 817 (40).

650 845 797 910 346.
849 844 979 908 Sed
1026 842 1096 907 et
1142 843 1423 926 coniugi
1472 843 1823 926 superstiti
1872 842 2104 925 (modo
2137 842 2504 910 defunctus
2533 845 2734 908 abeo
2786 859 2926 908 non
2957 842 3178 908 diver·

512 951 673 1014 terit
718 968 841 1032 per
884 951 1320 1035 senteutiam,
1370 967 1545 1033 quae
1593 950 1947 1016 transierit
1991 951 2065 1016 in
2097 967 2242 1015 rem
2276 951 2680 1034 iudicatam)
2713 951 3002 1016 debetur
3047 951 3177 1015 hoe

508 1057 793 1123 nomine
841 1073 995 1139 pars
1044 1056 1521 1144 ususfructus3
1568 1072 1856 1138 nempe:
1913 1054 1978 1122 1⁰
2023 1058 2082 1122 si
2131 1056 2496 1122 defunctus
2543 1057 2796 1123 liberes
2828 1055 3175 1139 legitimos

510 1162 813 1246 reliquit,
841 1163 1063 1226 virilis
1098 1161 1469 1245 legitimae,
1504 1163 1800 1246 coniuge
1831 1165 2025 1245 quasi
2059 1163 2203 1228 filio
2234 1163 2548 1246 legitimo
2579 1161 2976 1245 computato
3000 1162 3178 1246 (41);

516 1265 585 1332 2⁰
632 1269 691 1332 si
769 1268 1285 1353 adscendentes,
1363 1271 1752 1354 quadrans;
1832 1266 1901 1333 3⁰
1953 1270 2010 1334 si
2091 1270 2325 1335 nullus
2399 1267 2590 1334 extet
2665 1269 2864 1334 heres
2949 1283 3180 1332 neces-

508 1377 752 1461 sariuS,
804 1375 1017 1440 triens
1044 1373 1211 1457 (42).
1290 1375 1423 1442 Sed
1472 1376 1641 1441 haec
1688 1393 1958 1459 quoque
2005 1377 2394 1442 detrahitur
2459 1393 2550 1442 ex
2618 1375 3040 1459 disponibili,
3110 1376 3180 1439 et

508 1483 697 1546 certa
744 1482 1093 1547 redituum
1142 1482 1336 1564 parte
1381 1485 1491 1549 vel
1539 1485 1793 1548 annuis
1841 1483 2442 1569 praestationibus,
2489 1485 2639 1548 dari
2689 1481 2910 1566 potest
2943 1480 3110 1564 (43).

644 1590 792 1654 347.
844 1589 953 1652 Ad
999 1589 1328 1652 ultimum
1378 1589 1613 1671 quaeri
1664 1588 1909 1673 potest,
1957 1589 2190 1654 utrum
2241 1589 2427 1655 filius
2473 1589 2590 1672 qui
2639 1606 2778 1654 non
2823 1571 2982 1668 fecit
3009 1605 3179 1668 par-

508 1695 639 1760 tem
692 1695 881 1777 (quia
926 1697 1048 1760 aut
1096 1711 1237 1760 non
1290 1696 1459 1780 vult,
1507 1695 1629 1760 aut
1674 1712 1818 1761 non
1866 1693 2089 1779 potest
2135 1697 2330 1761 heres
2375 1712 2542 1782 esse,
2589 1696 2923 1778 indignus
2955 1695 3178 1777 forte),

514 1818 877 1866 numerum
924 1799 1143 1880 faciat
1188 1803 1273 1866 ad
1336 1802 1922 1883 computationem
1985 1803 2359 1889 legitimae,
2433 1805 2582 1869 sive
2649 1802 2954 1889 coniugi,
3031 1803 3179 1866 sive

511 1908 671 1973 filiis
720 1908 1103 1992 illegitimis
1151 1907 1443 1993 debitae,
1494 1909 1657 1992 quia
1702 1911 1820 1974 lex
1865 1909 2063 1994 filios,
2096 1927 2237 1983 non
2269 1911 2576 1996 heredes,
2637 1891 3178 1990 recenset?‘(44)

509 2033 599 2080 an
648 2031 861 2096 secus,
911 2016 1076 2097 quia
1121 2015 1179 2080 is
1228 2017 1511 2096 perinde
1561 2017 1797 2082 haberi
1845 2015 2050 2082 debet
2094 2033 2176 2082 ae
2221 2017 2278 2082 si
2351 2032 2712 2099 nunquam
2781 2015 3180 2081 extitisset?

512 2114 794 2208 Questio
840 2120 1271 2187 subdifficilis
1297 2122 1461 2203 (45).
1512 2123 1641 2186 Illa
1695 2124 1937 2188 ‘verbis
2005 2124 2201 2209 legis,
2270 2124 2340 2188 et
2409 2122 2808 2218 praesertim
2871 2123 2998 2187 art.
3047 2124 3180 2186 812

512 2228 584 2292 O.
634 2230 741 2315 It.;
790 2231 958 2312 haec
1005 2231 1264 2312 regulis
1313 2231 1485 2298 iuris
1530 2231 1755 2313 magis
1803 2232 2169 2297 cohaerere
2215 2231 2544 2297 videtur.·

779 2498 957 2560 ART.
1010 2493 1135 2560 111.
1188 2495 1330 2576 Quo
1378 2495 1565 2562 titulo
1611 2496 2011 2604 testameutis
2055 2496 2345 2578 relinqui
2389 2495 2644 2579 aliquid
2683 2495 2911 2583 possit.

646 2703 798 2765 348.
848 2699 1289 2766 Testamento
1336 2702 1631 2783 relinqui
1680 2702 1943 2784 aliquid
1993 2701 2234 2784 potest,
2283 2704 2391 2768 vel
2441 2701 2902 2767 institutionis
2951 2700 3179 2785 titulo,

509 2810 619 2885 vel
666 2808 1199 2889 substitutionis,
1247 2810 1355 2873 vel
1406 2810 1638 2889 legati.
1689 2808 1844 2893 Sed,
1893 2809 2262 2890 antequam
2313 2810 2482 2880 haee
2515 2808 2887 2893 ingrediar,
2935 2808 3182 2873 memi-

511 2914 694 2979 nisse
740 2916 1028 2998 oportet,
1064 2912 1473 2980 testatorem
1524 2916 1776 2999 legare,
1847 2916 1916 2979 et
1961 2916 2376 2981 substituere
2423 2915 2493 2981 et
2543 2914 2900 2981 instituere
2977 2931 3180 2996 posse

512 3036 701 3105 pure,
751 3021 855 3084 vel
907 3020 1037 3083 sub
1084 3020 1495 3091 conditione.
1548 3020 1806 3085 Verum
1854 3021 2282 3086 conditiones
2344 3008 2824 3105 impossibileS,
2879 3022 2990 3086 vel
3048 3020 3180 3084 illi-

512 3128 707 3211 citae,
758 3143 879 3209 pro
926 3142 1068 3190 non
1129 3127 1401 3208 scriptis
1462 3128 1810 3193 habentur
1855 3127 1916 3211 (ξ
1949 3130 2098 3211 307,
2150 3146 2214 3193 n.
2267 3130 2376 3215 4);
2455 3130 2582 3193 hoc
2656 3145 2700 3193 a
2767 3128 2918 3193 iure
2985 3127 3182 3193 natu-

511 3234 638 3298 rali
687 3233 1029 3298 remotum
1076 3236 1179 3297 est
1226 3234 1354 3318 (1),
1403 3234 1557 3299 ideo
1617 3234 1929 3300 strictam
1999 3220 2635 3317 interpretationem
2705 3235 3006 3317 recipere
3071 3235 3182 3299 de·

592 3478 717 3559 (39)
762 3478 830 3538 C.
873 3478 976 3554 It„
1020 3480 1155 3551 808,
1203 3481 1337 3553 744,
1400 3480 1537 3538 815.
1594 3480 1792 3539 Adeo·
1901 3488 2196 3540 extraneo
2225 3480 2572 3554 donaverit,
2604 3483 2670 3538 et
2698 3477 2897 3539 fratre
2947 3498 3020 3538 ac
3057 3498 3180 3537 uno

510 3580 628 3634 que
671 3580 779 3637 pro
822 3578 893 3617 ea
940 3564 1187 3618 tantum
1230 3564 1428 3635 parte,
1474 3580 1633 3634 quae
1698 3580 1793 3619 su-
1901 3561 2027 3619 filio
2071 3561 2286 3619 relicto
2327 3561 2686 3634 decesserit,
2759 3565 2990 3633 utrum,
3055 3557 3182 3617 filio

510 3646 737 3717 perest‚
784 3640 1052 3699 deducto
1095 3660 1235 3698 aere
1308 3639 1528 3698 alieno.
1602 3640 1790 3699 Seeus
1902 3647 2164 3716 paterna
2207 3640 2557 3698 hereditate
2620 3641 2998 3712 abstinente,
3063 3638 3185 3697 fra-

508 3740 583 3777 ex
630 3714 764 3778 iure
807 3720 969 3778 Gall.
1015 3720 1246 3796 (Za-ch..
1290 3720 1425 3795 (338,
1472 3741 1531 3778 n.
1576 3722 1656 3798 2').
1903 3728 1999 3778 ter
2041 3722 2242 3796 possit
2263 3720 2686 3779 reductionem
2707 3724 2923 3795 petere
2952 3738 3180 3794 eorum,

591 3801 719 3876 (40)
764 3800 831 3857 C.
875 3799 979 3872 It.,
1024 3800 1162 3857 818.
1901 3820 2058 3874 quae
2100 3804 2394 3857 extraneo
2437 3799 2666 3857 donata
2711 3804 2880 3857 sunt.

590 3880 719 3958 (41)
764 3878 831 3937 C.
875 3879 979 3952 It„
1026 3880 1160 3937 812.
1206 3878 1451 3955 Itaque,
1498 3881 1547 3937 si
1583 3880 1790 3937 Titius
1983 3881 2073 3956 (4
2047 3894 2110 3957 ›)
2153 3878 2220 3937 C.
2265 3879 2367 3952 It„
2411 3898 2487 3937 ex
2531 3880 2669 3937 AA.
2711 3878 2848 3953 812,
2891 3878 3030 3937 815.
3097 3878 3186 3937 Ει

510 3960 867 4031 decesserit,
940 3979 1129 4015 uxore
1199 3966 1279 4033 et,
1357 3963 1415 4016 10
1456 3980 1575 4017 uno
1644 3960 1787 4030 filio,
1900 3960 2102 4035 quoad
2145 3961 2466 4051 coniugem
2513 3961 2620 4017 vix
2661 3958 2945 4018 dubitari
3002 3978 3184 4036 posse

511 4040 627 4113 vel,
674 4040 738 4096 ‘2⁰
780 4040 1037 4112 duobus,
1088 4038 1201 4110 vel,
1246 4040 1311 4095 3⁰
1366 4041 1640 4115 quinque
1702 4059 1792 4098 re·
1903 4040 2171 4110 videtur,
2217 4042 2446 4116 quippe
2489 4041 2590 4097 cui
2634 4045 2880 4115 partem
2931 4040 3180 4113 tribuit,

510 4121 721 4193 lictis;
766 4120 961 4185 uxori,
1040 4122 1098 4175 10
1139 4121 1471 4197 quadram,
1537 4122 1601 4178 20
1662 4141 1790 4179 sex—
1900 4140 2018 4178 non
2063 4126 2252 4194 quota
2295 4125 2526 4196 spectat
2567 4118 2837 4195 singulis
2879 4118 3046 4193 filiis,
3073 4119 3182 4177 sed

510 4206 671 4273 tansi,
717 4200 779 4256 3⁰
824 4202 1007 4259 unica
1051 4200 1397 4259 debebitur.
1901 4206 2088 4275 quota
2171 4205 2469 4275 spectaret
2514 4200 2944 4277 (symea-ebbe).

590 4280 717 4357 (42)
763 4278 830 4337 O.
878 4280 977 4352 It„
1022 4281 1156 4355 813,
1201 4280 1337 4338 814.
1411 4280 1529 4337 Sed
1600 4286 1789 4354 quota
1981 4278 2069 4357 (1)
2114 4278 2414 4353 Grotius;
2480 4278 2667 4353 Moli„
2731 4278 2822 4354 ΙΙ,
2891 4280 3023 4337 106.
3095 4278 3185 4337 Et

510 4361 633 4417 erit
656 4360 955 4416 siextent
978 4358 1092 4416 filii
1121 4360 1266 4437 illeg.
1248 4362 1451 4433 itimi,
1499 4362 1631 4419 sive
1676 4361 1786 4419 soli
1899 4358 2148 4418 exsulat
2217 4378 2254 4417 a
2297 4358 2523 4417 Codice
2567 4358 3012 4433 FridericianO,
3069 4358 3186 4417 Bo-

512 4442 645 4497 sive
688 4458 828 4497 cum
873 4438 1402 4498 adscendentibus
1426 4443 1452 4496 ?
1897 4441 2138 4500 ’russico
2182 4438 2286 4517 (V.
2333 4439 2621 4512 Duram„
2671 4438 2858 4513 VIII,
2905 4438 3066 4515 104),
3115 4444 3188 4497 et

592 4519 720 4605 (43)
764 4518 832 4577 C.
878 4517 982 4591 It„
1028 4518 1161 4584 744,
1206 4520 1363 4584 81÷.;)
1408 4519 1500 4579 G..
1546 4521 1680 4576 913.
1899 4519 2037 4590 Au.,
2085 4520 2278 4593 5698.
2326 4520 2412 4577 Et
2455 4519 2634 4577 hodie
2673 4518 3068 4595 sapientibus
3095 4518 3186 4576 di·

590 4600 719 4671 (44)
764 4564 1606 4672 V.D11rant.,v11'1,2‘›s;
1678 4598 1788 4656 Za-
1901 4599 2160 4675 splicere
2191 4601 2418 4675 incipit
2447 4598 2568 4677 (Cf.
2599 4598 2848 4668 Mazzo„
2877 4598 2993 4673 IV,
3021 4598 3183 4677 104);

508 4678 677 4737 char
682 4682 774 4752 ,ξ
818 4678 955 4735 681.
1002 4676 1217 4735 Nudus
1262 4678 1361 4735 hie.
1404 4686 1537 4735 est:
1596 4680 1647 4735 si
1694 4679 1789 4736 'ri-
1899 4680 2006 4752 qui
2051 4680 2378 4736 testatoris
2449 4679 2838 4737 voluntatem
2901 4684 3186 4755 spectan-

508 4760 638 4817 tius
668 4758 811 4833 plus
841 4757 1219 4833 disponibili,
1246 4763 1399 4833 puta
1417 4758 1557 4815 doti
1559 4765 1786 4818 antem
1900 4758 2057 4817 dam.
2077 4760 2256 4833 eique
2280 4759 2738 4833 obsequendum
2765 4778 2904 4817 esse
2931 4762 3184 4835 putant.
