3584 5350
569 320 684 377 154
786 334 983 377 LIBER
1015 324 1113 377 111'.
1142 354 1180 365 -
1209 336 1441 381 rnAc'r.
1472 338 1542 381 11.
1573 338 1702 381 r1⁷r.
1735 338 1805 380 11.
1839 338 1925 380 DE
1952 336 2230 399 SERVIT„
2264 300 2515 382 piu-bn..
2548 338 2632 381 m*
2662 338 3028 382 HYPo'rnmc.

706 484 848 547 182.
899 482 1264 549 Ssuvrrus
1312 497 1560 557 AQUAE
1607 496 2091 549 Dsmvfflms
2136 484 2260 549 est:
2293 484 2415 551 Ius
2458 484 2837 551 derivandi
2866 502 3121 567 aquam
3150 504 3233 553 ex

561 590 852 671 praedio
900 589 1146 673 alieno,
1193 592 1288 655 ad
1333 589 1628 657 atterius
1667 590 1959 673 praedii
2028 590 2418 657 utilitatem.
2463 591 2896 674 'Acquiritur
2964 608 3232 659 conces-

564 699 755 763 sione
802 698 971 781 eiuS,
1017 698 1214 762 cuius
1261 698 1364 763 est
1407 715 1607 781 aqua.
1658 696 2007 774 Quantam
2054 697 2289 763 autem
2336 715 2554 781 aquae
2610 699 2877 781 copiam
2942 701 3232 765 educere

565 805 818 886 possim
866 805 936 869 et
981 805 1231 886 quibus
1294 804 1738 890 temporibus,
1787 805 1925 870 nisi
1996 806 2328 871 continua
2381 822 2464 871 ea
2533 806 2643 891 sit,
2691 823 2781 871 ex
2845 805 3069 885 titulo,
3119 807 3229 870 vel

566 928 693 977 usu
763 911 1133 993 superioris
1194 912 1674 995 quinquennii,
1737 912 2088 977 aestimari
2161 904 2361 977 debet
2422 913 2580 993 (15).
2634 913 2843 997 Quae,
2892 914 2947 977 si
3024 911 3229 978 titulo

564 1034 851 1083 oneroso
898 1016 1276 1084 constituta
1322 1019 1474 1103 fuit,
1525 1020 1864 1101 quaedam
1911 1019 2109 1100 quasi
2156 1019 2487 1103 venditio,
2537 1022 2660 1083 aut
2706 1017 2956 1084 locatio
3011 1036 3231 1101 aquae

568 1121 985 1206 intelligitur
1030 1125 1203 1206 (16):
1253 1125 1561 1210 proinde,
1617 1122 1681 1189 1⁰
1725 1142 1881 1190 eam
1931 1126 1996 1190 te
2061 1124 2197 1190 tuis
2258 1125 2607 1210 impensis,
2656 1123 2869 1191 etiam
2930 1126 3232 1191 extraor-

565 1229 874 1308 dinariis,
923 1228 1194 1296 tradere
1239 1230 1526 1317 oportet,
1577 1249 1736 1296 cum
1783 1248 1821 1295 e
1870 1230 1989 1296 tuo
2037 1230 2316 1313 praedio
2363 1230 2751 1315 egreditur,
2800 1231 3006 1313 atque
3052 1233 3228 1319 ide0,

567 1335 636 1399 2ο
691 1353 989 1419 eousque
1058 1337 1340 1422 fontem,
1410 1339 1661 1422 rivum,
1735 1339 1940 1421 ripae,
2011 1339 2307 1421 alveum,
2358 1340 2509 1421 etc.,
2589 1338 2777 1403 sarta
2855 1338 3033 1403 tecta
3100 1354 3233 1403 ser·

564 1459 727 1509 vare
772 1442 978 1507 debes
1024 1446 1191 1525 (17);
1240 1446 1327 1527 et,
1374 1443 1434 1508 si
1481 1460 1662 1525 aqua
1708 1442 1995 1508 deficere
2044 1444 2363 1525 coeperit,
2410 1444 2620 1509 etiam
2654 1442 2803 1507 sine
2837 1442 2957 1509 tua
2988 1446 3229 1529 culpa3

566 1550 634 1617 3⁰
682 1548 1001 1634 pretium,
1051 1568 1168 1615 seu
1221 1552 1602 1617 mercedem
1649 1550 2009 1616 restituere
2055 1567 2177 1634 pro
2226 1550 2379 1617 rata
2408 1550 2567 1633 (18).
2619 1551 2963 1625 Quamdiu
2997 1550 3231 1617 autem

563 1673 746 1739 aqua
789 1674 952 1722 casu
1000 1659 1268 1741 parcior
1313 1658 1435 1744 est,
1484 1660 1541 1723 si
1591 1660 1906 1741 pluribus
1954 1660 2301 1745 competit,
2350 1660 2656 1743 inopiam
2704 1662 2763 1725 is
2812 1662 2952 1742 pati
3008 1662 3230 1744 debet,

565 1764 675 1829 cui
725 1781 804 1828 eo
853 1764 1176 1849 tempore,
1225 1782 1358 1847 quo
1407 1768 1676 1847 parcior
1722 1766 1847 1844 est,
1896 1768 2257 1833 deberetur
2302 1768 2471 1847 (19):
2507 1768 2665 1832 etsi
2696 1769 2984 1832 debetur
3013 1769 3235 1833 omni-

565 1872 692 1935 bus
740 1888 882 1935 una
928 1870 1156 1955 simul,
1205 1872 1538 1953 intererit,
1587 1874 1822 1937 utrum
1887 1873 1993 1937 ius
2056 1873 2411 1939 servitutis
2472 1874 2768 1956 singulis
2828 1876 3231 1957 successive,

564 1996 653 2043 an
703 1980 940 2044 eodem
989 1978 1295 2062 tempore
1359 1981 1744 2061 quaesitum
1810 1980 2037 2047 fuerit.
2096 1982 2164 2046 si
2224 1982 2547 2067 primum,
2596 1983 2783 2064 prior
2850 1980 2931 2045 in
2992 1983 3232 2062 tempo-

567 2102 641 2151 re
689 2086 866 2168 (20):
917 2087 1023 2151 sin
1075 2088 1391 2172 alterum,
1435 2087 1729 2169 propior
1775 2091 1913 2153 loco
1960 2090 2120 2173 (21),
2170 2089 2394 2171 potior
2440 2090 2515 2155 in
2562 2090 2747 2155 iure:
2795 2090 2863 2153 et
2923 2090 2979 2153 si
3028 2106 3231 2154 nemo

569 2192 871 2273 tempore
919 2193 1128 2275 prior,
1177 2192 1299 2258 aut
1345 2196 1496 2259 loco
1577 2195 1875 2278 propior,
1939 2195 2226 2277 quisque
2287 2212 2407 2277 per
2468 2206 2741 2278 gyrum.
2803 2195 3117 2278 Denique
3171 2196 3227 2260 si

565 2299 985 2385 convenerit,
1035 2303 1113 2364 ut
1158 2303 1340 2382 quod
1390 2300 1516 2365 tibi
1579 2300 1887 2382 superest
1948 2319 2037 2366 ex
2096 2319 2278 2383 aqua
2338 2302 2743 2367 restituatur
2804 2302 3228 2386 concedenti,

567 2406 784 2471 totum
837 2408 1017 2488 quod
1065 2406 1372 2495 superest
1441 2406 1943 2473 restituendum
2008 2408 2157 2491 erit,
2222 2407 2383 2473 licet
2452 2409 2733 2474 auctum
2796 2407 3230 2493 naturaliter,

565 2512 688 2577 aut
735 2513 898 2577 data
945 2530 1150 2595 opera
1197 2511 1320 2578 tua
1367 2515 1524 2595 (22).

597 2624 602 2631 ’
705 2622 847 2684 183.
895 2620 1084 2686 Haec
1131 2620 1426 2687 servitus
1473 2622 1897 2704 usucapione
1944 2638 2213 2704 quoque
2275 2638 2437 2687 ann.
2504 2624 2588 2688 30
2650 2623 2915 2706 acquiri
2982 2622 3222 2706 potest.

565 2728 778 2794 Porro
825 2729 1155 2809 quamdiu
1204 2745 1404 2813 aqua,
1453 2729 1733 2794 nemine
1780 2727 2093 2812 ducente,
2142 2745 2178 2793 e
2228 2729 2345 2793 tuo
2393 2729 2672 2812 praedio
2722 2730 2793 2794 in
2838 2745 3075 2816 meum
3108 2747 3230 2794 na-

567 2833 883 2898 turaliter
909 2833 1159 2916 influit,
1188 2833 1482 2900 servitus
1512 2836 1678 2900 mihi
1710 2852 1798 2899 ne
1825 2834 2124 2917 intelligi
2157 2835 2435 2917 quidem
2467 2835 2691 2918 potest
2725 2834 2903 2920 (23):
2939 2838 3077 2920 sed,
3126 2837 3229 2901 uti

563 2957 814 3023 aquam
862 2959 906 3007 a
951 2941 1017 3007 te
1067 2957 1438 3023 usucapere
1486 2942 1760 3025 possim,
1812 2957 2087 3007 necesse
2134 2944 2258 3028 est,
2306 2942 2383 3006 ut
2428 2941 2496 3008 et
2543 2960 2671 3025 ego
2719 2959 2888 3026 opus
2951 2943 3227 3025 aliquod

565 3207 842 3264 servitus
873 3209 1267 3282 praegravet,
1286 3226 1322 3262 a
1345 3226 1438 3262 me
1465 3206 1577 3262 tibi
1612 3207 1843 3282 prospi-

564 3286 851 3344 ciendum
895 3293 1010 3344 est.

1953 3211 2086 3264 tum
2106 3207 2358 3264 videtur
2375 3207 2451 3264 ad
2472 3207 2727 3266 {raudes
2744 3207 3228 3284 praecavendas,

2031 3287 2159 3364 (17)
2218 3289 2284 3344 (ἶ.
2352 3287 2433 3344 It.
2498 3287 2633 3344 4349.
2702 3290 3025 3364 Eoiesque7·
3089 3307 3229 3344 nam

645 3367 773 3444 (15)
818 3367 895 3425 V.
939 3365 1006 3424 C.
1041 3366 1140 3437 It„
1187 3367 1321 3436 620,
1366 3367 1502 3423 623.
1542 3362 1710 3437 Quid
1740 3387 1843 3424 au-

567 3451 690 3504 tem
720 3448 878 3504 iuris
910 3448 994 3503 sit
1025 3447 1228 3520 quoad
1260 3447 1544 3522 primum,
1570 3447 1624 3503 si
1654 3465 1720 3504 08
1749 3467 1843 3504 ae-

564 3527 756 3585 dificii
791 3527 925 3602 (per
955 3526 1112 3602 quod
1147 3546 1308 3600 aqua
1339 3545 1415 3584 ex
1447 3531 1554 3584 tuo
1589 3527 1841 3602 praedio

563 3609 630 3666 in
661 3625 860 3666 meum
885 3607 1204 3683 praedium
1223 3604 1469 3684 defluit)
1494 3605 1839 3674 definitum,

567 3686 663 3744 vel
695 3687 814 3744 iam
847 3693 1204 3745 extructum
1225 3686 1446 3760 =fuerit,
1472 3692 1537 3744 et
1565 3685 1726 3744 alter
1756 3689 1843 3744 ni·

563 3767 896 3825 hilominus
927 3766 1082 3824 illud
1109 3765 1442 3824 reformare
1460 3765 1618 3824 velit
1646 3767 1843 3826 altero

564 3847 792 3915 invitm
861 3847 956 3904 vel
1004 3848 1057 3904 si
1103 3867 1214 3904 nec
1259 3845 1586 3904 definitum
1628 3846 1840 3920 fuerit,

565 3947 676 3986 nec
707 3932 1081 3994 extructum,
1108 3931 1173 3984 et
1203 3932 1416 4002 partes
1439 3927 1840 4000 dissentiant,

564 4007 708 4064 vide
753 4006 891 4064 AA.
923 4007 1058 4076 ⁴520,
1084 4007 1219 4063 4521.
1253 4005 1420 4077 Quid
1454 4007 1610 4064 iuris
1639 4008 1842 4082 quoa-d

563 4087 849 4160 alterum,
895 4088 950 4144 si
993 4106 1154 4161 aqua
1198 4106 1309 4162 per
1353 4092 1606 4144 turnum
1637 4089 1722 4145 sit
1747 4087 1846 4145 de-

563 4166 846 4238 rivanda,
872 4168 1100 4240 quibus
1133 4168 1511 4242 temporibus
1541 4168 1845 4226 debeatur

562 4267 725 4322 aqua
768 4247 1030 4310 aestiva,
1078 4247 1303 4320 quibus
1346 4247 1648 4324 hyberna,
1695 4249 1841 4306 vide

562 4327 704 4385 Art.
749 4327 884 4384 624:
917 4327 1144 4400 quibus
1187 4325 1369 4384 festis
1401 4327 1619 4386 diebus
1665 4329 1844 4403 (quos

561 4427 634 4464 ex
707 4405 1068 4464 kalendario
1138 4405 1558 4466 ecclesiastico
1635 4410 1842 4466 metiri

562 4493 849 4563 oportetu,
897 4487 1040 4544 vide
1087 4486 1222 4543 AA.
1266 4489 1400 4562 624,
1463 4489 1646 4545 1131:
1715 4489 1845 4563 qui-

562 4567 678 4624 bus
722 4565 908 4639 horis,
942 4567 994 4623 si
1025 4587 1136 4642 per
1166 4571 1362 4624 rotam
1403 4567 1692 4625 horarum
1724 4574 1845 4625 sta-

563 4651 706 4704 tuta
752 4649 853 4711 sit,
903 4647 1043 4704 vide
1091 4647 1225 4704 AA.
1271 4649 1406 4707 (525,
1452 4648 1589 4703 «52⁴5.

642 4727 770 4804 (16)
807 4727 902 4784 Ex
935 4727 1002 4786 C.
1035 4727 1136 4800 It„
1167 4729 1302 4785 650.
1335 4724 1514 4801 Quod
1546 4729 1849 4785 constitu-

1952 3364 2235 3442 ulterius,
2257 3367 2317 3424 in
2342 3367 2615 3444 praediis
2645 3366 2887 3440 alieni-3,
2918 3386 3030 3424 nec
3060 3386 3225 3443 opor-

1951 3453 2061 3522 tet,
2108 3467 2221 3505 nec
2265 3447 2411 3505 licet
2454 3447 2575 3523 (Ex
2622 3448 2762 3505 Art.
2807 3448 2967 3521 598).

2031 3527 2157 3602 (18)
2202 3525 2269 3584 C.
2314 3527 2415 3598 It„
2470 3527 2605 3584 1350.
2654 3529 2739 3586 Et
2802 3529 2855 3584 si
2912 3527 3026 3585 hoc
3082 3526 3231 3584 alte-

1949 3606 2083 3664 rius
2124 3627 2309 3683 opera
2352 3605 2589 3664 factum
2620 3609 2722 3681 sit,
2756 3626 3002 3684 possum
3050 3613 3109 3665 te
3140 3627 3231 3666 co-

1950 3706 2095 3763 gere
2140 3694 2211 3744 ut
2254 3707 2488 3744 mecum
2534 3707 2672 3746 cuin
2714 3707 2783 3745 eo
2826 3688 3033 3746 damni
3073 3708 3228 3766 agas

1952 3765 2099 3844 (Cit.
2164 3767 2350 3845 A1·t.):
2418 3766 2675 3840 scilicet,
2736 3787 2811 3826 ne
2867 3766 3029 3825 forte
3092 3787 3231 3826 cum

1951 3867 2053 3904 reo
2096 3847 2390 3905 colludas.
2437 3848 2585 3906 Siue
2634 3853 2744 3906 tna
2799 3849 2985 3924 culpa
3008 3864 3033 3920 ,·
3089 3867 3231 3906 nam

1951 3926 2065 3984 hac
2113 3929 2589 4002 interveniente,
2640 3929 2871 3985 teneris
2915 3933 2977 3984 et
3021 3926 3231 3986 damni

1954 4006 2101 4083 (Cit.
2148 4009 2222 4064 A.
2268 4009 2431 4081 6545).

2033 4087 2159 4158 (15³)
2204 4088 2271 4144 (J.
2316 4087 2419 4159 It„
2466 4090 2601 4145 1551.

2034 4167 2160 4246 (20)
2205 4169 2271 4226 (ἲ.
2319 4168 2419 4242 It„
2464 4169 2599 4226 4552.

2034 4249 2161 4317 (21)
2205 4247 2271 4306 C.
2304 4248 2420 4319 It.;
2464 4249 2613 4320 6523
2662 4247 2827 4306 V.C.
2856 4248 3050 4322 Sard„
3095 4249 3233 4306 667.

2034 4327 2161 4404 (22)
2206 4326 2272 4385 C.
2318 4328 2418 4397 It„
2465 4329 2600 4401 (3543
2633 4329 2861 4402 Maz'm,
2920 4328 3047 4402 ΙΙΙ,
3097 4329 3231 4385 154.

2035 4409 2162 4484 (223)
2209 4408 2305 4464 Ex
2350 4407 2480 4464 LL.
2525 4409 2577 4480 2,
2641 4410 2731 4481 10,
2783 4408 2850 4466 O.
2911 4411 3003 4466 De
3062 4407 3233 4466 Ser-v.

1952 4493 2005 4544 et
2064 4491 2261 4564 Aqua.
2320 4488 2503 4546 Licet
2556 4509 2668 4564 per
2724 4495 2969 4565 tempus
3033 4489 3238 4546 imme-

1952 4567 2245 4626 morabile
2291 4567 2679 4645 (Doumolin;
2732 4569 3031 4642 Laurent,
3077 4567 3229 4642 VII,

1959 4648 2088 4720 187,
2134 4649 2254 4720 2(.));
2302 4650 2452 4717 sive,
2485 4669 2595 4706 ceu
2630 4656 2874 4717 veteres
2920 4649 3075 4722 DD.,
3126 4665 3237 4726 per

1954 4727 2120 4787 mille
2164 4747 2358 4786 annos
2408 4728 2750 4788 influxerit.
