3584 5350
986 322 1162 370 sacr..
1201 322 1270 367 11.
1316 324 1402 367 DE
1444 322 1856 366 Pnrvrnnons
1898 322 1982 365 ΕΤ
2040 320 2451 367 nrpo'rnnms
2939 305 3053 364 159

387 472 546 538 iure
592 473 748 554 (19).
801 472 982 547 Quid
1031 469 1268 557 igitur,
1316 472 1374 537 si
1423 472 1600 557 quis,
1634 488 1843 554 quam
1875 488 2020 536 rem
2069 471 2344 553 pignori
2393 470 2547 536 Seio
2603 469 3053 554 obligaverat,

385 597 537 645 eam
585 580 880 644 subinde
927 580 1189 661 obliget
1237 580 1421 663 Caio,
1462 580 1807 643 ambobus
1856 579 2237 659 imparem?
2301 576 2553 659 Utique
2603 578 2705 663 ia„
2744 578 2802 643 si
2858 578 3057 642 Seius

383 689 696 753 nondum
742 686 1204 768 hypothecam
1252 685 1718 768 inscripserat,
1769 684 2100 751 iniuriam
2146 684 2313 749 facit
2360 685 2536 771 Sei0,
2592 685 2757 766 quia
2802 684 3055 767 pignus

384 794 702 860 creditori
752 791 1175 859 intervertit:
1227 793 1335 858 sin
1384 793 1442 857 is
1487 794 1861 879 inscripsit,
1910 792 2166 874 decipit
2214 791 2479 873 Caium,
2528 792 2582 857 si
2620 792 2829 858 Caius
2858 790 3055 874 igno-

383 902 581 967 rabat
627 918 769 966 rem
821 901 973 965 Seio
1021 901 1400 983 obligatam
1449 900 1660 965 fuisse
1693 900 1853 980 (20).
1890 899 1981 965 At
2012 916 2175 965 vero
2210 900 2418 965 Caius
2448 900 3055 981 reprehendendus
3174 907 3187 922 ·

383 1026 524 1074 ιιοιι
571 1008 692 1093 est,
741 1010 935 1073 salva
981 1006 1298 1091 caritate,
1337 1007 1396 1073 si
1444 1008 1840 1073 huiusmodi
1898 1008 2153 1089 pignus
2215 1006 2387 1090 petit
2446 1008 2669 1072 sciens
2730 1008 3053 1089 prudenS,

382 1118 451 1180 et
495 1116 658 1180 dein
707 1116 893 1197 prior
927 1115 1303 1197 inscripsit:
1353 1116 1502 1181 tum
1551 1115 1736 1199 quia,
1769 1115 1901 1179 sibi
1952 1113 2157 1199 cavit,
2192 1114 2339 1180 tum
2375 1116 2558 1197 quia,
2593 1114 2775 1197 quod
2807 1115 2898 1178 ad
2930 1115 3058 1179 ter-

389 1223 544 1309 tioS,
590 1223 982 1305 hypotheca
1027 1216 1337 1288 nondum
1391 1222 1722 1302 inscripta
1767 1238 1891 1303 pro
1938 1238 2079 1286 non
2127 1221 2292 1287 data
2338 1222 2463 1286 est.

529 1332 671 1395 190.
708 1328 1116 1413 Hypotheca
1148 1330 1268 1394 dat
1314 1330 1422 1393 ius
1468 1328 1548 1392 in
1595 1346 1672 1393 re
1719 1329 1876 1410 (21).
1918 1327 2027 1413 Et,
2076 1330 2239 1410 quia
2285 1327 2695 1411 divisionem
2762 1345 2901 1392 non
2950 1345 3056 1393 re·

381 1436 548 1519 cipit
595 1436 656 1519 (ἓ
693 1439 840 1521 186,
885 1454 953 1500 ιι.
1005 1437 1092 1522 3),
1137 1436 1415 1518 integra
1458 1434 1819 1518 permanet
1865 1436 2195 1517 quamdiu
2244 1435 2554 1501 debitum
2603 1435 2879 1517 penitus
2912 1452 3051 1500 non

363 1539 593 1609 ·fuerit
639 1541 1030 1607 extinctum
1076 1540 1215 1623 (cit.
1266 1540 1300 1623 ξ
1354 1544 1498 1626 186,
1548 1558 1614 1606 n.
1667 1542 1768 1621 3):
1838 1558 1963 1606 nec
2036 1540 2477 1607 imminuitur
2544 1540 2727 1606 inter
2786 1542 3056 1605 cohere-

381 1649 500 1715 des
546 1666 664 1715 seu
714 1646 1088 1731 creditoriS,
1137 1664 1259 1712 seu
1306 1649 1656 1734 debitoris,
1705 1648 1763 1711 si
1811 1649 2076 1729 partem
2125 1662 2321 1713 suam
2357 1646 2569 1713 debiti
2613 1649 2719 1712 vel
2754 1664 2935 1712 unus
2966 1664 3053 1712 ex

381 1756 520 1821 illis
566 1754 894 1841 exegerit,
943 1757 1048 1819 vel
1098 1772 1188 1819 ex
1235 1755 1346 1819 his
1392 1771 1573 1819 unus
1621 1755 2045 1838 persolverit.
2116 1752 2348 1837 Atque
2418 1756 2570 1821 ideo
2602 1756 2899 1820 creditor
2931 1771 3055 1838 pro

379 1881 461 1929 eo
527 1865 707 1947 quod
777 1864 1107 1948 superest,
1171 1864 1542 1946 quominus
1603 1863 1839 1928 omnia
1910 1866 2091 1928 bona
2164 1864 2583 1945 hypothecat
2651 1858 3054 1947 proscribat,

382 1972 729 2053 prohiberi
778 1989 920 2037 non
965 1970 1220 2053 potest:
1271 1973 1341 2034 et
1387 1971 1442 2035 si
1491 1970 1761 2040 debitor
1808 1986 1915 2035 res
1970 1971 2401 2052 hypothecae
2462 1971 2851 2052 suppositas
2911 1972 3055 2052 plu·

379 2079 570 2143 ribus
617 2091 946 2162 seorsum,
995 2094 1244 2160 nempe
1291 2079 1502 2162 aliam
1549 2078 1752 2161 Titio,
1804 2078 2017 2142 aliam
2066 2074 2246 2162 Seio,
2294 2078 2724 2164 alienaverit,
2765 2077 3054 2159 quisque

384 2186 534 2267 cogi
585 2183 828 2267 potest,
879 2186 958 2250 ut
1002 2185 1109 2248 vel
1161 2176 1508 2269 integrum
1560 2185 1870 2249 debitum
1921 2168 2165 2270 solvat,
2214 2186 2323 2249 vel
2372 2202 2463 2267 re,
2514 2184 3053 2266 quamdetinet,

381 2293 579 2357 cedat
627 2294 783 2373 (22).
819 2293 928 2357 Ad
975 2293 1322 2376 ultimum,
1372 2310 1532 2357 cum
1569 2291 1959 2375 hypotheca
1990 2310 2069 2357 eo
2101 2291 2379 2377 spectet,
2427 2292 2509 2357 ut
2540 2292 2861 2357 creditori
2901 2309 3057 2356 cau-

384 2402 536 2463 tum
583 2398 693 2485 sit,
742 2400 840 2464 in
864 2400 1154 2466 arbitrio
1201 2400 1348 2464 eius
1396 2398 1519 2476 est,
1570 2398 1806 2464 utrum
1854 2397 2073 2485 malit,
2122 2399 2533 2464 extraneum
2582 2399 2697 2506 qui
2748 2414 2890 2463 rem
2941 2400 3053 2463 de-

383 2505 580 2587 tinet,
630 2523 718 2571 an
767 2506 1148 2571 debitorem
1196 2506 1584 2589 convenire,
1634 2523 1723 2570 an
1772 2508 2145 2588 utrumque
2193 2506 2353 2587 (23).

523 2615 666 2677 191.
700 2614 818 2678 Ius
866 2615 1048 2696 quod
1095 2631 1184 2678 ex
1249 2611 1698 2697 inscriptione
1760 2611 2098 2697 consistit,
2162 2611 2511 2679 amittitur
2579 2613 2730 2679 iure
2798 2612 3051 2700 nostro,

385 2720 516 2785 nisi
569 2721 736 2786 haec
784 2720 1130 2786 tricesimo
1191 2738 1460 2805 quoque
1523 2738 1706 2786 anno
1768 2721 2103 2786 renovata
2163 2720 2373 2785 fuerit
2435 2721 2595 2802 (24).
2665 2721 2824 2802 Ipsa
2891 2738 3055 2786 vero

377 2828 771 2910 hypotheca
823 2829 1203 2896 evanescit:
1276 2834 1345 2893 1⁰
1405 2828 1833 2912 obligatione
1899 2829 2289 2914 principali,
2354 2830 2456 2893 vel
2510 2846 2583 2893 re
2630 2829 3055 2912 hypothecae

337 3257 342 3262 -
377 3219 553 3276 nanti
620 3219 1027 3295 transcriptio
1083 3238 1192 3296 pro
1247 3220 1654 3296 inscriptione
1753 3220 1965 3296 Ρίφι.,·
1994 3219 2065 3275 L.
2097 3219 2150 3294 2,
2184 3217 2251 3277 C.
2283 3217 2353 3276 Sc·
2394 3238 2559 3278 wius
2598 3239 2629 3276 e
2662 3220 2896 3296 plurib.
2960 3223 3053 3278 lie-

376 3303 476 3355 est
517 3297 612 3376 (O.
655 3298 758 3373 It.,
805 3299 975 3372 1942,
1026 3299 1223 3377 1960).
1763 3299 1919 3373 red.';
1950 3297 2016 3357 O.
2055 3298 2129 3357 G.
2168 3300 2342 3372 2167,
2388 3300 2563 3374 ‘21683
2609 3298 2711 3371 It.,
2757 3299 2931 3357 2013.
2961 3300 3051 3358 At

458 3377 586 3454 (19)
617 3377 683 3436 C.
714 3377 816 3452 It.,
855 3379 1043 3452 2007;
1089 3379 1164 3438 V.
1216 3379 1283 3437 G.
1309 3379 1429 3453 st,
1481 3379 1654 3436 2134.

301 3531 310 3540 ·
379 3457 558 3540 Licet
573 3457 925 3534 hypotheca
943 3460 1056 3517 sub
1072 3460 1422 3517 conditione
1435 3461 1490 3516 ei
1508 3459 1656 3516 data

377 3537 588 3610 suerit,
621 3541 687 3595 et
714 3538 892 3613 alius,
931 3539 1242 3616 pendente
1286 3539 1654 3612 conditione,

254 3678 265 3690 ,
375 3618 700 3693 pecuniam
763 3619 962 3676 eidem
1017 3619 1371 3692 crediderit,
1423 3622 1489 3676 et
1538 3620 1655 3676 sibi

375 3697 633 3755 eamden
676 3698 1093 3776 hypothecam
1128 3700 1527 3775 inscripserit
1557 3698 1658 3774 (V.

377 3797 436 3834 n.
504 3777 622 3853 16).
674 3777 822 3836 Iure
886 3785 1096 3836 nostro
1160 3781 1264 3854 qui
1340 3779 1660 3855 praedium

377 3857 664 3916 vendidit
707 3879 816 3934 pro
860 3860 1060 3936 pretio
1104 3861 1305 3917 serius
1349 3859 1658 3932 solvendO,

373 3938 656 3996 omnibus
701 3939 902 4014 potior
930 3939 1197 3997 habetur
1227 3939 1319 4016 (O.
1353 3939 1453 4013 It.,
1491 3939 1659 4013 1942,

376 4017 415 4092 ξ
455 4018 581 4175 (2)0)
615 4097 808 4173 Lugo,
843 4097 1105 4172 XXIII,
1152 4097 1286 4158 106.

455 4145 812 4256 (21)I.‘1”7‚
848 4180 942 4236 De
995 4181 1176 4256 pt‘yn.
1240 4186 1294 4236 et
1354 4183 1530 4256 hypss,
1591 4177 1659 4237 G.

373 4256 466 4330 G„
498 4257 688 4331 2166;
718 4258 821 4330 It.,
853 4259 1028 4316 2013.
1060 4258 1313 4336 Nempe,
1348 4280 1457 4336 pro
1495 4268 1661 4317 sorte

370 4303 710 4414 exigenda·
697 4383 710 4410 ,
742 4357 851 4414 pro
881 4341 1091 4396 usuris
1123 4341 1466 4416 superioris
1497 4340 1662 4397 bien-

370 4418 478 4492 nii,
509 4423 574 4475 et
617 4420 931 4476 currentis
974 4421 1140 4492 anni,
1194 4439 1431 4477 necnon
1497 4421 1662 4477 sutu-

373 4497 491 4570 ris;
534 4503 598 4556 et
640 4517 750 4574 pro
780 4498 1077 4574 impensis
1116 4499 1216 4575 (V.
1249 4500 1316 4558 O.
1344 4499 1448 4572 It.,
1484 4501 1661 4571 201ος

371 4578 440 4636 C.
485 4577 578 4649 G„
623 4577 796 4651 2166,
843 4580 1006 4656 eto).

451 4656 577 4735 (22)
638 4657 766 4716 LL.
823 4661 877 4732 6,
941 4661 1029 4733 16,
1097 4659 1164 4716 Ο.
1225 4659 1318 4715 De
1381 4661 1661 4718 distract.

1765 3380 1929 3437 enim
1973 3398 2131 3452 quae
2155 3399 2273 3444 non
2308 3384 2460 3436 sunt
2482 3381 2726 3455 pignori
2756 3379 3049 3456 obligata,

1765 3458 2053 3531 creditor,
2100 3460 2301 3517 invito
2345 3457 2641 3534 debitore,
2674 3461 2727 3517 si
2773 3460 3047 3536 obligata

1767 3539 1925 3596 satis
1944 3540 2089 3612 sint,
2116 3539 2467 3597 distrahere
2490 3559 2610 3597 non
2636 3546 2859 3615 potest.
2878 3541 2977 3616 (L.
2994 3541 3049 3614 9,

1769 3618 1836 3677 G.
1893 3620 1985 3676 De
2039 3621 2218 3678 distr.
2250 3621 2530 3697 piynor.,·
2586 3620 2652 3678 C.
2709 3620 2803 3694 G„
2862 3621 3050 3694 22oa;

1723 3733 1731 3742 -
1768 3699 1870 3773 It.,
1916 3699 2117 3776 soso).

1849 3779 2071 3856 (23)L.
2108 3782 2196 3852 14,
2230 3779 2297 3836 C.
2329 3781 2421 3836 De
2473 3781 2709 3838 Action.
2752 3786 2807 3837 et
2859 3781 3050 3858 Obliy.

1850 3861 1977 3936 (24)
2021 3859 2088 3916 C.
2132 3858 2234 3933 It.,
2268 3859 2442 3917 2001.
2474 3859 2623 3918 Iure
2666 3859 2827 3918 Gall.
2878 3860 3045 3938 (Art.

1769 3939 1969 4016 2154),
2042 3939 2291 3996 decimo,
2352 3940 2634 4017 Excepta
2698 3941 3051 4032 hypotheca

1770 4019 1982 4076 uxoris
2025 4018 2231 4094 legali,
2277 4029 2434 4094 quae
2480 4040 2641 4077 anno
2685 4022 2959 4095 proximo
3016 4041 3051 4078 a.

1772 4099 1973 4156 soluto
2018 4101 2406 4157 matrimonio
2436 4098 2682 4157 utiliter
2712 4107 3052 4158 renovatur

1771 4177 2439 4256 (C.1t.‚2004);1ieet
2496 4182 2871 4238 tricennium
2932 4182 3049 4238 iam

1771 4259 1967 4316 inerit
2006 4259 2287 4352 elapsum
2332 4260 2433 4336 (V.
2479 4258 2547 4317 C.
2594 4259 2806 4336 Neap„
2846 4263 3048 4338 2032).

1771 4337 1966 4395 Aliud
2010 4341 2166 4397 iuris
2210 4343 2309 4397 est
2353 4341 2415 4396 in
2461 4341 2564 4416 pig7
2546 4360 2734 4410 nore,
2780 4345 2846 4398 et
2894 4343 3051 4398 anti-

1771 4417 2006 4479 chresi:
2052 4440 2211 4494 nain,
2257 4420 2553 4493 quamdiu
2586 4439 2684 4476 res
2728 4427 2827 4477 est
2862 4441 3050 4496 penes

1772 4499 2157 4572 cxchtorem‚
2215 4501 2588 4576 prescriptio
2646 4519 2721 4558 ne
2777 4500 3047 4575 intelligi

1771 4579 2019 4652 quidem
2064 4585 2289 4656 potest.
