3584 5350
570 371 687 435 342
1016 394 1215 437 LIBER
1258 394 1671 465 111.-3TRACT.
1715 394 1787 437 11.
1831 394 1961 436 TIT.
2007 394 2125 437 VII.
2169 394 2256 437 DE
2301 394 2794 439 CONTRACTIBUS

706 546 853 607 406.
902 518 1257 609 Divisione
1306 544 1625 627 perfecta,
1682 550 1747 607 1⁰
1792 544 2018 626 quoad
2063 559 2179 609 aes
2210 543 2587 609 dividentis
2610 543 2939 625 alienum,
2967 544 3026 607 si
3059 542 3118 607 is
3149 544 3236 607 de

569 665 649 713 eo
680 649 855 713 nihil
890 648 1170 735 caverit,
1203 650 1543 732 siquidem
1574 649 1826 715 divisio
1851 648 2262 715 testamento
2286 648 2698 731 continetur,
2725 650 3014 731 quisque
3037 650 3232 731 quasi

569 757 765 821 heres
799 756 980 841 (14);
1026 756 1136 821 sin
1182 756 1575 842 donatione,
1609 758 1806 839 quasi
1838 756 2242 823 donatarius
2279 756 2418 838 (15)
2452 756 2820 823 tenebitur.
2870 760 2940 821 2⁰
2991 756 3230 831 Quoad

568 860 1003 949 evictionem,
1056 864 1525 947 unusquisque
1554 880 1708 929 eam
1740 862 2063 950 praestat,
2098 864 2177 928 ut
2236 865 2410 928 alias
2463 866 2620 945 (16).
2683 863 3005 943 Demum,
3055 866 3126 925 3⁰
3173 863 3226 925 si

567 984 743 1050 quae
778 969 849 1034 in
882 968 1224 1035 divisione
1255 972 1748 1053 comprehensa
1778 986 1920 1035 non
1953 966 2235 1054 fuerint,
2269 972 2459 1052 haec,
2497 971 2780 1053 perinde
2826 987 2907 1035 ac
2953 969 3230 1053 omissa,

566 1074 653 1138 ab
700 1076 1027 1141 intestato
1075 1076 1479 1143 deferuntur
1524 1078 1683 1159 (17).

1326 1399 2082 1499 -TITULUS
2147 1400 2410 1497 VII.

1519 1574 1632 1647 De
1681 1572 2280 1647 Contractibue..

1702 1836 1999 1901 CAPUT
2060 1835 2114 1901 1.
2153 1924 2173 1939 ·

1311 2011 1403 2062 DE
1452 2009 2005 2063 CONTRAGTJBUS
2054 2010 2134 2063 IN
2181 2010 2494 2064 GENERF..

593 2214 772 2278 ART.
822 2210 1030 2277 Umc.
1082 2211 1265 2292 Quid
1308 2210 1695 2276 contractus
1740 2212 1801 2275 et
1851 2210 2209 2293 quotupzeae
2225 2232 2252 2296 ‚·
2298 2210 2359 2276 et
2405 2230 2574 2293 quae
2619 2211 2762 2277 sint
2817 2213 3204 2277 necessaria

1432 2319 1527 2382 ad
1571 2317 1958 2383 contractus
2003 2314 2360 2382 ineundos.

652 2482 800 2545 407,
853 2481 1281 2562 Contractus,
1330 2496 1450 2545 seu
1482 2466 1729 2561 'potius
1790 2477 2184 2562 conventiO,
2251 2478 2520 2544 definiri
2593 2480 2848 2561 potest:
2915 2479 3236 2545 Duorum

558 2585 955 2668 pluriumve
998 2586 1079 2650 in
1124 2584 1308 2650 idem
1374 2585 1702 2665 placitum
1770 2586 1831 2648 et
1899 2601 2273 2657 consensus,
2337 2584 2860 2670 contrahendae,
2924 2588 3025 2650 vec
3093 2585 3238 2650 dis-

560 2695 942 2760 trahendae
985 2693 1433 2776 obliqationis
1477 2711 1687 2758 causa
1720 2694 1833 2774 (Ι).
1885 2693 2220 2771 Duorum,
2281 2694 2446 2776 quia
2507 2709 2710 2759 nemo
2778 2710 3012 2759 secum
3076 2697 3224 2776 ipso

559 2801 965 2869 contrahere
1013 2801 1448 2885 intelligitur,
1498 2801 1761 2866 scilicet
1790 2818 1981 2866 nemo
2028 2801 2256 2866 vetare
2285 2800 2426 2866 sibi
2458 2784 3004 2884 aut'praecipere
3036 2802 3227 2884 quid-

560 2927 767 2992 quam
797 2911 1005 2990 potest
1038 2911 1151 2990 (2).
1186 2908 1551 2989 Placitum,
1584 2923 1963 2993 consensus,
1997 2924 2289 2990 quorum
2321 2909 2625 2990 primum
2659 2910 2744 2973 ad
2773 2907 3234 2993 intellectum,

457 3158 467 3164 .
560 3103 805 3177 divisim
850 3103 905 3160 si
938 3119 1098 3178 pars
1122 3103 1369 3158 tantum
1400 3097 1693 3176 adempta.
1714 3097 1842 3157 fue-

560 3183 665 3256 rit,
711 3182 1069 3240 rescissioni
1099 3181 1224 3238 erit
1278 3180 1570 3252 obnoxia,;
1615 3180 1717 3238 sin
1759 3184 1842 3238 to—

559 3268 641 3334 ta,
686 3262 867 3337 quasi
919 3281 986 3320 se
1034 3260 1474 3338 praetermisso
1516 3259 1842 3318 evanescit

560 3341 792 3418 (Zach.,
824 3342 957 3414 733,
990 3361 1049 3398 n.
1084 3339 1201 3417 12).
1226 3339 1397 3398 Plus:
1423 3339 1574 3413 quid
1599 3340 1652 3398 si
1676 3359 1839 3398 unus

559 3441 634 3480 ex
657 3421 823 3494 filiis,
852 3423 953 3480 cui
977 3440 1125 3498 pars
1148 3421 1359 3477 fuerat
1386 3419 1726 3496 adscripta,
1753 3420 1840 3477 vi-

558 3522 635 3560 vo
680 3502 883 3560 adhuc
912 3507 1189 3578 parente,
1214 3499 1557 3557 decesserit
1579 3501 1842 3558 intesta-

562 3587 665 3640 tus
709 3587 775 3640 et
817 3583 951 3639 sine
992 3579 1251 3638 liberis?
1294 3580 1381 3638 Et
1422 3580 1728 3654 siquidem
1754 3580 1840 3637 di-

562 3663 720 3720 visio
749 3666 1109 3720 testamento
1137 3659 1263 3718 fuit
1291 3659 1479 3734 facta,
1506 3661 1642 3718 eius
1691 3680 1839 3736 pars

559 3742 856 3818 (nondum
899 3742 1035 3799 eius
1063 3739 1261 3817 facta)
1286 3738 1384 3798 vel
1415 3739 1721 3798 a‘ccrescit
1749 3761 1842 3800 ce-

558 3823 728 3896 ter-ie,
774 3821 872 3880 vel
918 3820 1202 3878 defertur
1245 3821 1323 3878 ab
1353 3822 1690 3878 intestato:
1736 3823 1836 3879 sin

556 3904 905 3974 donatione,
970 3899 1199 3958 Gallici
1241 3901 1295 3958 Ι.
1359 3899 1426 3959 C.
1489 3920 1699 3959 omnes
1742 3900 1840 3958 do-

556 3990 718 4054 cent,
764 4001 899 4040 eam
944 3980 1043 4039 vel
1088 3981 1167 4058 (si
1211 4001 1311 4039 res
1342 3981 1653 4038 alienatae
1712 3979 1838 4039 fue-

556 4064 704 4132 rint,
750 4062 951 4137 pretio
994 4061 1263 4119 nondum
1311 4061 1536 4137 soluto)
1566 4062 1838 4137 pretium

557 4143 631 4200 ad
679 4143 1009 4200 donantem
1034 4143 1288 4200 reverti:
1320 4141 1481 4216 quod
1512 4146 1577 4198 et
1605 4141 1835 4199 Mazzo.

556 4221 696 4296 (IV,
742 4223 884 4298 277)
947 4241 1137 4298 penes
1200 4241 1310 4278 nos
1373 4221 1569 4278 docet.
1616 4221 1701 4278 Et
1744 4221 1836 4278 illi

556 4301 807 4376 quidem
852 4305 1019 4360 recte
1062 4321 1137 4360 ex
1180 4300 1247 4359 C.
1293 4301 1388 4372 G„
1435 4301 1568 4357 747:
1614 4300 1731 4372 hic,
1763 4307 1838 4358 ut

554 4385 723 4457 pum,
768 4401 889 4438 non
934 4383 1115 4451 iten1;
1162 4381 1309 4454 quia
1339 4380 1497 4438 nihil
1528 4381 1653 4438 talc
1699 4401 1838 4438 cau-

556 4470 687 4518 tum
720 4465 819 4518 est
836 4462 968 4518 iure
991 4466 1233 4518 nostro:
1260 4462 1669 4536 quamobrem,
1695 4481 1835 4518 cum

555 4541 994 4608 iamidominii
1058 4542 1155 4599 sui
1200 4540 1370 4599 faeta
1432 4539 1641 4614 fuerit,
1701 4541 1836 4599 abit

554 4621 631 4678 ad
676 4617 937 4680 heredes
977 4619 1309 4698 legitimos

638 4701 767 4777 (14)
811 4701 1093 4774 Grenier‚
1139 4701 1191 4774 I,
1235 4701 1371 4772 3953
1416 4701 1492 4760 V.
1544 4699 1831 4775 Duram„

554 4779 677 4856 IX,
721 4781 855 4855 630,
900 4781 1113 4858 Atque
1156 4781 1293 4842 ideo
1321 4783 1513 4840 etiam
1548 4780 1717 4839 ultra
1748 4783 1834 4839 vi-

1951 3119 2066 3158 res·
2094 3099 2486 3174 hereditatiS,
2531 3101 2585 3159 si
2630 3120 2751 3160 non
2773 3099 3236 3159 feceritinven-

1951 3181 2182 3238 tarium
2245 3179 2564 3257 (Durant.,
2609 3183 2652 3238 l.
2695 3199 2765 3254 c.,
2821 3179 3028 3253 Zaeh„
3095 3181 3232 3249 733,

1949 3281 2009 3318 n.
2052 3259 2136 3338 6).
2179 3259 2373 3318 Immo
2418 3263 2485 3336 et
2522 3260 2724 3336 >quoad
2757 3259 2968 3338 legata
2999 3260 3066 3346 (ἓ
3094 3261 3230 3318 396.

1947 3361 2008 3398 n.
2057 3342 2130 3397 15
2162 3383 2174 3398 .

2027 3340 2156 3498 (153
2187 3419 2394 3494 Zach„
2442 3421 2574 3494 706,
2621 3441 2682 3479 n.
2727 3421 2782 3494 53
2828 3419 2964 3492 733,
3009 3441 3070 3479 n.
3116 3421 3171 3477 5.

2029 3500 2156 3578 (16)
2200 3499 2491 3575 Toullier,
2564 3501 2640 3576 V,
2705 3501 2863 3576 8073
2935 3499 3230 3564 Dumnt..

2029 3660 2156 3738 (17)
2201 3661 2272 3718 L.
2297 3661 2391 3734 33,
2418 3659 2500 3719 ff.·.
2525 3661 2600 3718 L.
2625 3661 2719 3734 21,
2745 3659 2813 3720 O.
2871 3663 3102 3720 Fame'I.
3145 3681 3236 3718 er-

1947 3744 2115 3815 ce'sC.,·
2143 3739 2210 3798 G.
2256 3740 2349 3814 G„
2407 3741 2595 3815 10773
2647 3741 2732 3799 It.
2780 3741 2952 3799 1046.
2997 3741 3234 3800 Verum

1947 3821 2115 3892 haec,
2148 3821 2201 3877 si
2231 3820 2460 3879 divisio
2485 3841 2520 3878 a
2544 3821 2915 3898 parentibus
2933 3823 3020 3878 sit
3041 3819 3232 3894 factag

1947 3921 2090 3958 nam
2121 3901 2174 3958 si
2205 3899 2374 3958 facta
2406 3902 2494 3959 sit
2522 3903 2600 3960 ab
2629 3901 2768 3974 alie,
2799 3901 3002 3977 magis
3051 3901 3238 3959 dona—

1947 3982 2053 4054 tio,
2098 3980 2198 4038 vel
2244 3985 2712 4054 testamentum,
2761 4000 2946 4055 quam
3003 3981 3235 4039 divisio

1945 4061 2328 4138 intelligitur
2385 4061 2704 4140 (Durant.,
2745 4061 2866 4135 IX,
2910 4060 3047 4128 618,
3091 4067 3232 4132 et(·-.;

1946 4141 2153 4214 Zach,
2200 4141 2332 4212 728,
2377 4161 2439 4198 n.
2484 4143 2565 4218 2).

2027 4223 2115 4297 (1)
2159 4220 2227 4279 C.
2273 4220 2364 4286 G„
2415 4223 2606 4295 1101;
2671 4221 2775 4295 It„
2845 4221 3032 4296 10083
3089 4223 3232 4294 Am,

1943 4301 2091 4374 861;
2137 4301 2209 4358 L.
2259 4302 2308 4368 1,
2354 4303 2450 4358 De
2489 4303 2728 4360 Paetis.

2027 4380 2114 4458 (2)
2159 4381 2232 4438 L.
2277 4382 2370 4454 56,
2403 4383 2496 4438 De
2539 4383 2782 4459 Recept.
2808 4383 3038 4440 Arbe'tr.
3071 4379 3230 4454 Qua-

1945 4463 2228 4525 mobrem,
2275 4461 2328 4518 si
2375 4463 2488 4518 tibi
2554 4463 2972 4521 constitutum
3031 4461 3134 4534 sit,
3179 4483 3228 4520 e.

1946 4563 2022 4617 g.,
2069 4541 2270 4600 Seiam
2315 4541 2561 4618 ducere,
2608 4542 2708 4602 vel
2752 4543 2987 4616 dotare,
3042 4541 3226 4616 idque

1946 4623 2002 4678 ei
2047 4619 2527 4698 significaveris,
2573 4622 2812 4680 nullum
2863 4621 3091 4680 exinde
3135 4621 3230 4680 Se-

1943 4702 2040 4760 iae
2083 4705 2302 4760 contra
2364 4707 2424 4760 te
2481 4703 2580 4760 ius
2645 4703 2992 4776 quaeritur,
3041 4701 3228 4760 ‘nulla

1945 4783 2255 4860 tibi2erga
2297 4801 2432 4842 eam
2483 4783 2800 4861 obligatio·
