3584 5350
531 371 662 416 TIT.
694 372 764 417 11.
795 372 882 416 DE
911 371 1458 416 VITIIS-RELIGION
1465 371 1488 416 1
1516 370 1849 416 OPPOSITIS
1878 391 1915 402 -
1943 371 2117 416 SEOT.
2154 359 2194 417 1'.
2226 371 2313 416 DE
2338 370 2716 416 SUPERSTIT.
2880 356 2957 414 29

291 520 444 603 quis
489 521 684 586 rudis
731 521 800 585 et
844 521 1136 604 ignarus
1181 521 1409 596 homo,
1459 520 1688 587 subito
1735 523 1905 587 scite
1950 523 2139 604 loqui
2194 523 2461 604 aliquid
2524 523 2843 606 coeperit,
2891 523 2961 587 et

290 644 372 692 ea
415 644 750 713 promere,
799 645 975 710 quae
1035 645 1398 710 nunquam
1461 629 1783 694 didicisse
1842 628 2148 712 apparet,
2202 644 2345 694 non
2408 629 2597 693 illico
2658 643 2957 711 pronun·

285 734 618 800 ciantium
664 735 786 821 est,
835 734 968 799 hoc
1016 735 1542 800 daemoniacum
1591 751 1771 800 esse:
1822 752 1984 800 nam
2018 736 2136 818 qui
2168 737 2422 800 morbo·
2454 735 2577 800 aut
2616 750 2959 800 somnam-

293 839 610 923 bulismo‚
660 839 783 905 aut
827 838 1180 904 dementia
1223 840 1561 920 laborant,
1608 857 1750 906 non
1800 857 1955 905 raro
2003 841 2173 907 haec
2219 839 2573 923 praestant
2620 839 2785 923 (49).

1297 1091 1306 1100 ·
1353 1079 1875 1182 ‘APPENDDL

675 1253 772 1306 m«)
822 1249 1260 1308 POTIORIBUS
1309 1253 1486 1306 AEVI
1530 1253 1801 1307 NOSTRI
1848 1253 2560 1308 SUPERSTITIONIBUS.

419 1429 588 1493 Tres
649 1427 813 1494 sunt
873 1429 1237 1511 praecipue
1299 1427 1509 1493 huius
1569 1429 1722 1492 aevi
1794 1427 2011 1492 nostri
2072 1429 2570 1510 superstiones:
2633 1427 2957 1510 mayneti-

284 1551 474 1600 smus
521 1535 864 1600 animalis
925 1552 1046 1599 seu
1109 1534 1602 1618 nypnotismus,
1650 1533 1926 1599 tabulae
1970 1535 2171 1600 semet
2214 1535 2564 1618 moventeS,
2614 1535 2683 1600 et
2742 1534 2956 1614 spiri-

285 1642 554 1724 tismus,
604 1641 710 1706 uti
756 1644 1028 1726 vocant,
1092 1641 1552 1706 americanus.
1615 1641 1907 1727 Verum,
1961 1641 2124 1724 quia
2186 1640 2357 1706 istae
2419 1639 2488 1705 et
2548 1641 2684 1726 hic,
2748 1640 2955 1706 mate·

284 1749 598 1813 riaiismo
647 1749 722 1813 in
766 1749 913 1814 dies
959 1751 1452 1832 succrescente,
1501 1748 1641 1814 fere
1687 1747 2051 1830 antiquata
2098 1747 2281 1834 sunt,
2331 1748 2485 1812 heic
2548 1749 2822 1813 tantum
2868 1749 2952 1812 de

285 1855 737 1938 Maynetismo
785 1855 1093 1922 animali
1137 1856 1197 1920 et
1251 1855 1702 1940 hypnotismo.

1425 2093 1722 2160 CAPUT
1769 2096 1821 2160 Ι.

600 2269 776 2330 QUm
827 2267 1350 2320 MAGNETISMUS
1398 2267 1488 2320 ΕΤ
1535 2265 2055 2321 HYPNOTISMUS
2128 2267 2217 2320 ΕΤ
2266 2267 2624 2329 QUAENAM

1123 2371 1536 2436 UTRIUSQUE
1589 2373 2115 2427 PHOENOMENA.

417 2553 524 2616 38.
575 2549 966 2636 Fridericus
1021 2549 1360 2614 Antonius
1407 2549 1717 2633 Mesmer,
1767 2549 2075 2614 medicus
2124 2549 2529 2633 GermanuS,
2591 2567 2701 2614 an.
2759 2553 2949 2635 1774,

278 2660 600 2724 omnium
661 2658 926 2739 primus
989 2657 1230 2722 docere
1293 2655 1536 2738 coepit,
1601 2654 1894 2721 fluidum
1959 2658 2327 2738 quemdam
2391 2655 2947 2741 subtilissimum,

277 2764 502 2831 fluxui
559 2763 903 2847 magnetis
949 2765 1388 2849 persimilem,
1437 2764 1580 2829 toto
1607 2764 1790 2828 «orbe
1842 2764 2162 2829 universo
2223 2762 2716 2829 circumfusum
2767 2780 2948 2849 esse,

274 2888 494 2955 eoque
540 2888 696 2939 cum
749 2871 992 2955 primis
1037 2872 1449 2936 animalium
1497 2872 1713 2935 vitam
1762 2871 2017 2957 foveri,
2066 2888 2265 2953 quem
2316 2872 2573 2937 idcirco
2619 2872 2951 2952 mayneti-

271 2996 501 3044 smum
547 2977 926 3045 animalem
972 2978 1424 3060 nuncupavit.
1474 2978 1726 3042 Docuit
1769 2978 2143 3061 praeterea,
2191 2978 2486 3044 fluidum
2544 2979 2945 3043 huiusmodi

271 3088 357 3149 de
404 3102 690 3167 corpore
737 3085 812 3150 in
859 3101 1126 3171 corpus,
1174 3085 1337 3149 licet
1397 3082 1957 3167 remotissimum,
2021 3082 2415 3149 transfundi
2478 3085 2587 3149 vel
2652 3085 2946 3149 excitari

271 3208 506 3276 posse3
554 3208 768 3274 eoque
817 3192 1092 3256 morbos
1137 3191 1369 3257 sanari
1430 3206 1605 3272 pene
1667 3205 1907 3255 omnes
1956 3190 2071 3271 (1).
2122 3187 2605 3273 Quamobrem,
2671 3206 2947 3273 magne-

273 3298 524 3363 tismus
572 3299 919 3385 animaliS,
968 3296 1172 3363 initio
1218 3298 1519 3382 quidem,
1568 3297 1877 3362 medicae
1928 3297 2098 3361 artis
2160 3297 2355 3378 quasi
2420 3284 2783 3362 inventum
2834 3298 2948 3361 ha·

269 3405 462 3469 bitus
508 3404 632 3488 est,
683 3404 1075 3485 morbisque
1123 3404 1449 3468 curandis
1511 3403 1831 3469 incubuit
1896 3401 2080 3468 totus
2126 3402 2248 3487 (2).
2314 3403 2447 3467 Sed
2511 3404 2717 3484 paulo
2771 3402 2943 3484 post,

267 3511 558 3577 insolita
626 3511 986 3596 quaedam,
1037 3509 1307 3591 praeter
1375 3509 1672 3575 visibilis
1740 3509 2033 3575 naturae
2102 3512 2304 3594 vires,
2368 3508 2635 3575 efficere
2698 3510 2941 3591 coepit,

265 3634 447 3701 quae
494 3619 584 3682 ad
631 3616 1102 3682 valetudinem
1151 3616 1460 3682 nostram
1510 3616 1686 3681 nihil
1736 3615 2109 3699 pertinent.
2167 3616 2467 3681 Demum
2498 3617 2588 3681 ab
2622 3614 2945 3680 instituto

263 3726 478 3807 plane
523 3723 834 3808 descivit,
883 3721 952 3787 et
998 3724 1072 3788 in
1120 3724 1432 3805 apertam
1479 3721 2038 3805 superstitionem
2087 3724 2401 3788 discessit
2447 3722 2569 3806 (3).

403 3832 512 3896 39.
561 3830 769 3895 Anno
823 3832 1012 3914 1840,
1061 3832 1469 3896 damnatum
1522 3830 1825 3901 Parisiis,
1875 3829 2372 3911 extrusumque
2419 3829 2707 3911 proinde
2753 3846 2789 3893 e
2825 3847 2943 3894 no·

261 3936 606 4004 socomiis·
654 3953 830 4019 pene
889 3935 1100 4002 totius
1163 3936 1476 4017 Europae
1539 3938 1655 4021 (4),
1722 3935 2264 4019 magnetismum
2335 3936 2608 4017 excepit
2670 3936 2745 4000 in
2810 3937 2943 4000 An·

347 4122 484 4201 (49)
528 4119 754 4195 Caroli,
804 4122 926 4178 Del
969 4122 1379 4198 Maynetismo
1422 4123 1554 4179 αηὶ-
1745 4120 1833 4198 (2)
1879 4120 1955 4179 Υ.
1999 4120 2093 4177 La
2124 4120 2446 4190 Fontaine‚
2482 4120 2674 4177 L’Art
2714 4123 2788 4177 de
2819 4140 2941 4179 ma-

269 4203 450 4277 male,
495 4200 775 4278 Bologna
822 4200 994 4273 1858,
1040 4202 1078 4278 ξ
1122 4201 1258 4258 213.
1660 4204 1948 4278 φιὸιίεθν,
1990 4220 2091 4277 pp.
2136 4200 2229 4274 53,
2283 4200 2376 4257 56.

347 4282 440 4359 (1)
485 4280 773 4355 Mesmer,
833 4284 1124 4339 Me'moz're
1180 4300 1292 4339 sur
1347 4282 1412 4338 la
1460 4282 1552 4338 de'-
1744 4280 1833 4359 (3)
1880 4281 1953 4337 Υ.
1979 4280 2201 4351 Caroli,
2240 4282 2281 4337 I.
2324 4300 2390 4355 e.,
2431 4280 2469 4357 ξ
2508 4280 2656 4354 ‘2233
2700 4280 2940 4339 Franco

268 4366 554 4421 converte
633 4362 722 4419 du
801 4364 1202 4439 mayne'tisme
1289 4363 1551 4419 animal.
1664 4360 1722 4418 S.
1761 4360 1832 4435 1.,
1878 4362 2302 4437 L'Ijmote'smo
2343 4366 2589 4418 tornato
2628 4363 2697 4419 dc·
2740 4364 2940 4433 moda,

265 4440 741 4504 Definitionem.
785 4442 1182 4518 magnetismi
1263 4441 1552 4499 animalis
1662 4440 1857 4498 Prato
1884 4442 2053 4513 1888,
2087 4440 2281 4498 Ed.3·
2307 4439 2938 4515 30111ninolegendus;

267 4522 686 4599 praetermisi,
732 4522 961 4598 quippe
1005 4523 1070 4579 in
1114 4542 1185 4580 ea
1243 4521 1552 4579 tradenda
1663 4540 1783 4595 quo
1813 4540 1925 4599 ego
1948 4540 2086 4578 cum
2110 4521 2328 4596 primis
2352 4525 2510 4578 utor.
2544 4520 2619 4579 Υ.
2646 4520 2787 4577 Elia
2816 4518 2942 4577 Μό-

265 4602 556 4663 laborant
621 4600 723 4659 vel
777 4602 901 4678 ipsi
955 4601 1371 4679 magnetologi
1431 4600 1552 4679 (Cf.
1662 4603 1771 4675 ric,
1830 4602 1951 4659 Del
1994 4602 2439 4678 marav2'9h‘080
2480 4600 2646 4658 della
2684 4605 2957 4675 natura,

263 4680 494 4755 Caroli,
567 4680 690 4739 Del
759 4682 1171 4759 Magnetismo
1239 4683 1514 4740 animale
1528 4698 1556 4757 7·
1663 4682 1890 4739 Torino
1936 4680 2109 4737 1889.

263 4762 562 4839 Patrone,
607 4762 702 4819 De
760 4764 907 4821 Virt.
951 4763 1166 4839 Reliq„
1213 4762 1252 4840 ξ
1295 4761 1457 4840 407).
1746 4762 1835 4840 (4)
1878 4760 2337 4837 Magnetismus
2394 4779 2546 4818 usus
2602 4766 2699 4817 est
2770 4766 2937 4819 sorte
