3584 5350
571 382 701 430 Trr.
731 381 802 430 11.
832 382 922 430 nn
948 382 1156 430 v1⁷1=11s
1185 379 1529 430 anmerom
1549 373 1890 430 ‘opposrns
1918 403 1955 418 -·
1983 375 2157 430 snc‘r.
2191 387 2231 430 1.
2263 383 2349 428 nn
2376 385 2753 430 snpnnsm‘r.
2918 369 2995 429 35

1444 664 1740 733 CAPUT
1786 667 1875 733 11.

493 841 590 894 DE
637 841 1099 894 MAGNETJSMI
1146 839 1280 893 SEU
1327 840 1782 892 HYPNOTISMI
1832 839 2274 895 EFFECTlssUS
2326 841 2837 894 EXPLICANDIS.

464 1055 570 1116 44.
619 1051 724 1117 En
773 1051 1146 1134 praecipua
1192 1052 1657 1138 magnetismi,
1705 1067 1826 1117 seu
1875 1051 2323 1136 hypnotismi,
2373 1049 2709 1133 portenta.
2760 1052 2994 1116 Primo

331 1157 554 1240 initio,
601 1159 772 1224 haec
818 1158 1057 1224 multis
1111 1159 1603 1224 circulatorum
1659 1158 1728 1223 et
1782 1158 2146 1223 ludionum
2210 1157 2585 1241 praestigia
2630 1160 2761 1246 (1);
2816 1160 2993 1241 aliie,

325 1284 414 1330 ex
461 1265 720 1331 morbis
764 1267 1096 1350 nervosiS,
1145 1265 1602 1332 deliramenta
1639 1254 1778 1348 '(2):
1828 1267 2201 1348 utrumque
2260 1266 2565 1350 devium,
2614 1282 2777 1331 nam
2841 1283 2995 1332 con-

325 1371 516 1438 stant
563 1372 1116 1459 evidentissime3
1164 1373 1483 1454 quamvis
1529 1390 1656 1438 nec
1701 1372 2001 1458 fraudes,
2047 1389 2175 1437 nec
2221 1372 2712 1438 circulatorum
2776 1372 2845 1438 et
2898 1374 2997 1437 lu-

327 1481 618 1545 dionum
665 1479 979 1546 fallaciae
1010 1495 1279 1563 semper
1308 1478 1660 1544 abfuerint
1691 1479 1808 1561 (3).
1842 1479 2083 1561 Itaque
2114 1497 2157 1544 a
2188 1478 2615 1562 sapientibus
2648 1479 2721 1544 in
2756 1496 2997 1545 causas
3078 1465 3087 1471 ’

324 1603 566 1652 eorum
614 1586 872 1670 inquiri
920 1588 1238 1671 coeptum
1287 1585 1418 1672 est3
1467 1589 1585 1652 sed
1632 1587 1734 1652 tot
1802 1603 1977 1669 pene
2037 1583 2441 1672 sententiae,
2511 1586 2677 1668 quot
2745 1585 2992 1669 capita.

323 1693 552 1759 Missis
599 1694 728 1778 his,
777 1711 951 1776 quae
999 1696 1086 1758 ad
1133 1693 1430 1762 extasim
1478 1693 1830 1778 pertinent
1883 1694 2163 1777 (quippe
2224 1694 2562 1759 increduli
2622 1709 2703 1758 ea
2748 1694 2994 1778 rident,

323 1801 680 1866 credentes
727 1802 1132 1867 demoniaca
1177 1818 1324 1865 esse
1369 1819 1509 1866 non
1557 1801 1904 1885 dubitant,
1953 1800 2205 1866 medici
2238 1802 2306 1865 et
2337 1799 2570 1865 clinici
2602 1801 2993 1884 negligunt,

323 1909 488 1990 quia
532 1909 1194 1991 neuropathologiae
1240 1909 1420 1973 nihil
1455 1908 1845 1992 intersunt),
1878 1925 1961 1974 ea
1993 1909 2266 1972 tantum
2299 1924 2673 1990 prosequar
2704 1908 2996 1990 phoeno-

323 2031 550 2100 mena,
599 2031 775 2096 quae
820 2016 1172 2098 pertinent
1231 2016 1320 2080 ad
1378 2016 1810 2080 luciditatem
1850 2013 1919 2080 et
1963 2015 2677 2083 somnambulismum.
2726 2015 2991 2079 Horum

323 2122 544 2204 igitur
588 2139 830 2188 causas
876 2124 984 2188 vel
1036 2123 1109 2187 in
1181 2124 1329 2206 ipso
1383 2121 1957 2207 -magnetizatore,
2022 2123 2131 2188 vel
2193 2123 2266 2187 in
2338 2119 2822 2208 magnetizatO,
2884 2123 2989 2186 vel

321 2231 522 2294 extra
568 2245 682 2295 eos
729 2231 966 2295 extare
1011 2246 1284 2296 necesse
1331 2230 1452 2295 est.
1818 2225 1823 2232 ’

458 2339 562 2400 45.
610 2337 904 2402 Plurimi
955 2338 1224 2420 inipso
1270 2338 1816 2422 magnetizatore
1877 2339 2135 2418 extare,
2206 2355 2423 2419 eaque
2483 2337 2775 2403 fluidum
2848 2353 2995 2403 esse

322 2445 592 2528 putant,
643 2461 844 2527 quem
894 2445 1039 2527 ipse
1087 2445 1160 2509 in
1208 2445 1751 2528 magnetizatum
1802 2444 2058 2530 iniicit3
2104 2443 2457 2528 fluidistae
2491 2446 2641 2510 ideo
2674 2443 2842 2510 dicti
2886 2441 2991 2524 (*).

323 2551 462 2614 Alii
509 2548 851 2616 fascinum
901 2553 1299 2617 oculorum:
1352 2552 1476 2616 hos
1522 2553 1894 2635 praetereo,
1944 2551 2105 2633 quia
2154 2543 2417 2634 physici
2478 2550 2547 2616 et
2600 2551 2847 2616 medici
2898 2567 2996 2614 ce-

315 2788 640 2847 extaticus
708 2788 1098 2865 peregrinari
1167 2793 1231 2845 et
1305 2806 1604 2846 nonnemo
1794 2788 1883 2867 (1)
1953 2787 2176 2863 Caroli,
2248 2786 2288 2865 ξ
2367 2786 2512 2859 100;
2590 2786 2722 2847 Οἰυ.
2817 2785 2988 2863 Gau„

317 2886 518 2943 usque
563 2867 641 2925 ad⁴
686 2866 1026 2945 Saturnum
1068 2869 1446 2944 pervenisse,
1499 2869 1604 2927 ubi
1717 2866 1847 2926 Ser.
1898 2868 1967 2942 V,
2014 2868 2133 2926 vol.
2178 2867 2297 2941 XI,
2340 2886 2399 2943 p.
2444 2867 2577 2943 358,
2622 2874 2741 2926 etc.

314 2948 710 3006 habitatores
779 2949 1084 3024 reperisse
1155 2948 1407 3024 dicitur,
1464 2967 1602 3007 cum
1794 2949 1883 3027 (2)
1926 2948 2003 3005 In
2047 2948 2147 3005 his
2188 2948 2418 3006 eminet
2460 2948 2571 3006 Dr.
2620 2947 2831 3005 Littre
2889 2946 2990 3025 (V.

315 3028 549 3103 quibus
612 3032 679 3086 et
725 3026 989 3103 colloqui
1050 3030 1258 3105 potuit
1322 3027 1604 3106 (Gar-cin,
1655 3066 1672 3092 ,
1723 3027 1851 3087 Οἰυ.
1906 3027 2077 3102 Cata,
2124 3027 2253 3086 Ser.
2300 3027 2375 3103 V,
2420 3027 2537 3086 vol.
2596 3026 2647 3101 Ι,
2703 3047 2762 3103 p.
2827 3027 2988 3105 552).

315 3128 416 3185 ap.
462 3107 756 3182 Per-rone,
788 3108 828 3185 ξ
855 3107 1033 3186 437)!
1793 3108 1882 3187 (3)
1926 3107 2021 3167 Cf.
2064 3108 2353 3183 Perrone,
2384 3108 2467 3185 ἐξ
2510 3107 2629 3165 440
2651 3108 2732 3166 ad
2759 3108 2895 3165 466.

2775 3298 2986 3305 ψ

436 3420 526 3499 (4‘)
568 3418 691 3478 His
733 3440 842 3497 pro
885 3426 1056 3479 certo
1097 3418 1238 3494 fuit,
1283 3422 1350 3478 in
1395 3422 1572 3479 nobis
1601 3422 1806 3479 inesse
1835 3418 2097 3478 fluidum
2128 3419 2453 3495 quemdam
2483 3418 2810 3477 animalem
2848 3420 2992 3496 (bio-

311 3503 554 3578 ticmn),
601 3505 808 3575 atque,
855 3502 949 3559 uti
993 3520 1105 3577 ope
1147 3500 1334 3559 huius
1377 3498 1555 3559 fluidi
1600 3503 1866 3576 quisque
1909 3508 2117 3560 movet
2146 3500 2241 3558 sui
2274 3500 2548 3576 corporis
2578 3500 2865 3573 membra,
2898 3500 2989 3557 ita

310 3598 429 3657 ope
471 3582 612 3638 eius
653 3582 719 3639 in
763 3580 954 3639 alium
997 3581 1276 3655 immissi,
1321 3580 1508 3639 huius
1551 3582 1824 3651 membra
1855 3582 2088 3639 moveri
2118 3581 2225 3657 (1).
2257 3580 2378 3638 Sed
2408 3577 2589 3637 multi
2619 3579 2831 3637 rident
2859 3577 2992 3637 flui-

311 3660 464 3717 dum
507 3660 864 3719 huiusmodi
908 3661 1028 3739 (2);
1073 3662 1242 3719 inter
1283 3680 1386 3719 eos
1429 3666 1656 3737 autem,
1702 3662 1811 3736 qui
1852 3660 2029 3719 illum
2078 3660 2439 3734 adstruunt,
2498 3679 2621 3717 non
2675 3660 2987 3736 convenit,

310 3746 530 3798 utrum
573 3742 662 3799 sit
703 3742 910 3799 instar
950 3740 1247 3816 electi-ici,
1293 3761 1374 3799 an
1418 3743 1635 3800 nervei
1677 3742 1784 3819 (3).
1817 3742 1910 3799 At
1937 3741 2227 3816 quisquis
2270 3738 2375 3797 ille
2420 3740 2522 3815 sit,
2554 3760 2677 3798 non
2708 3746 2988 3816 apparet,

309 3820 872 3895 quaemadmodum
913 3823 1371 3899 magnetizator
1412 3819 1590 3879 illum
1630 3824 1695 3880 in
1739 3820 2025 3897 alterum,
2071 3820 2391 3879 absentem
2433 3840 2675 3895 quoque
2705 3839 2777 3879 ac
2806 3839 2991 3878 remo-

307 3902 648 3976 tissimum,
693 3903 894 3960 iacere
938 3902 1168 3960 valeat.
1201 3901 1322 3960 Sed
1363 3902 1606 3961 valeat:
1650 3900 1884 3961 fluidus
1914 3920 1991 3960 ex
2018 3901 2283 3972 materia,
2332 3906 2461 3973 est3
2507 3905 2615 3974 qui
2656 3902 2856 3979 igitur
2898 3920 2987 3975 ea,

309 4000 474 4056 quae
519 3980 958 4040 immaterialia
1002 3986 1170 4056 sunt,
1215 3983 1280 4039 in
1324 3982 1479 4041 alios
1520 3981 1869 4041 transferre
1912 3980 2161 4058 potest?
2192 3979 2457 4057 Utputa,
2503 3980 2692 4055 ideas,
2738 3980 2987 4053 iudicia,

307 4066 498 4121 actus
545 4060 894 4121 voluntatis
937 4060 1069 4141 (4)?
1113 4062 1201 4120 Et
1243 4081 1400 4137 quae
1445 4081 1764 4137 nunquam
1806 4062 2069 4120 fuerunt
2096 4063 2163 4119 in
2209 4064 2417 4120 mente
2460 4062 2987 4139 magnetizat01·iS‚

307 4142 466 4201 haec
509 4161 548 4199 a
591 4160 712 4217 quo
753 4143 820 4200 in
863 4143 1198 4201 crisiacum
1242 4140 1593 4201 transfert?
2791 4172 2803 4183 ι

389 4372 456 4424 (1)
487 4370 696 4423 Gai-oin,
733 4372 792 4413 Le
819 4372 998 4426 Maon„
1029 4372 1097 4424 11,
1137 4372 1202 4413 10.
1243 4372 1382 4414 Haeo
1424 4384 1452 4414 o
1491 4371 1598 4413 inio
1707 4371 1925 4414 otricum
1956 4384 2076 4421 esse,
2108 4372 2211 4414 iam
2240 4372 2376 4424 ipsos
2404 4372 2785 4426 magnetologos
2822 4371 2990 4413 dicore

303 4426 537 4479 primum
587 4424 686 4477 ipsi
729 4425 957 4477 Mesmer,
1001 4425 1184 4467 deinde
1231 4430 1468 4481 magnato
1492 4424 1598 4479 ogis
1705 4426 1865 4479 pudet
1893 4426 1969 4476 (V.
2006 4427 2102 4468 Un'v.
2140 4428 2279 4476 cata,
2310 4426 2413 4467 Ser.
2448 4426 2531 4477 v1,
2572 4426 2670 4467 vol.
2713 4426 2756 4477 2,
2795 4438 2842 4477 p.
2871 4426 2986 4477 320).

303 4476 462 4535 gallis
490 4482 546 4521 et·
572 4478 828 4534 germania
862 4478 968 4521 fere
1005 4478 1258 4533 omnibns,
1301 4479 1436 4521 inter
1473 4492 1598 4531 quos
1789 4482 1851 4531 (4)
1874 4481 1929 4523 V.
1970 4477 2153 4531 Caroli,
2176 4486 2198 4527 θ
2218 4480 2309 4520 181.
2332 4478 2425 4519 His
2453 4490 2608 4531 prope
2630 4478 2881 4521 accedunt
2899 4479 2989 4530 qui

304 4532 506 4575 eminet
534 4532 769 4585 Deleuze,
799 4532 1024 4575 maxime
1051 4532 1240 4575 arrisit.
1707 4532 1950 4575 nituntur
1986 4532 2109 4575 haec
2154 4532 2406 4585 explicare
2449 4546 2538 4585 par
2568 4533 2989 4575 reverberationem

386 4586 453 4637 (2)
511 4585 716 4637 unsset,
773 4585 972 4629 Manuel
1027 4588 1082 4629 de
1137 4586 1452 4641 Physioloqie,
1511 4586 1600 4629 Pa-
1710 4587 1958 4639 idearum,
2016 4598 2104 4627 seu
2171 4586 2543 4639 cogitationum
2596 4586 2989 4640 magnetizantis

303 4640 377 4683 ris
411 4639 534 4681 1861.
565 4640 626 4682 V.
659 4640 844 4691 Caroli,
866 4644 888 4688 ἓ
917 4640 1010 4682 109.
1709 4640 1762 4682 in
1793 4638 2233 4681 somnambulum:
2265 4640 2504 4681 delirium
2535 4640 2671 4692 quod
2706 4639 2769 4681 el.
2809 4639 2990 4681 Monti-

386 4694 454 4745 (3)
483 4694 543 4737 V.
563 4692 748 4746 Caroli,
771 4700 818 4743 §fl
838 4692 916 4735 1ae
953 4694 1065 4745 etc.;
1102 4694 1198 4737 Oiv.
1227 4695 1364 4747 cata,
1386 4694 1489 4735 Ser.
1511 4693 1598 4745 VI,
1709 4693 1825 4735 uelli
1856 4692 2160 4747 profligavit,
2193 4692 2396 4745 delevit,
2429 4692 2649 4735 extinxit
2680 4692 2839 4741 (Sulla
2873 4696 2990 4737 Cau-

301 4748 406 4790 vol.
439 4748 482 4801 2,
511 4760 561 4801 p.
591 4748 689 4790 309.
738 4746 836 4797 Qm·
881 4724 1082 4800 (fluidi),
1126 4760 1184 4789 ex
1227 4746 1600 4789 cordatioribus
1707 4760 1762 4789 aa
1792 4748 1869 4805 dei
1898 4748 1992 4799 sen.
2040 4758 2210 4802 meam„
2256 4748 2307 4788 P.
2354 4747 2440 4799 IV,
2492 4748 2608 4799 Cap.
2656 4748 2699 4800 3,
2743 4748 2988 4801 Ber-gamo

301 4800 554 4856 physicis,
588 4800 836 4844 contrarii
877 4804 998 4843 sunt
1055 4801 1192 4843 inter
1243 4801 1318 4843 se!
1363 4801 1460 4843 Sed
1505 4800 1600 4842 ele·
1709 4800 1847 4853 1856).
