3584 5350
618 394 845 439 snc'rlo
874 394 919 439 1.
945 412 981 427 ··
1004 394 1219 439 CAPUT
1248 393 1318 437 11.
1350 394 1437 437 DE
1463 392 1844 445 QUIBUSDAM
1875 392 2396 437 VENDITIONIBUS
2423 390 2778 436 SPECIATIM
2927 377 3040 435 401

370 541 703 609 stationes
746 541 1183 607 voluntariae
1226 542 1316 606 ab
1362 540 1733 607 ordinariis
1778 516 2246 622 emptionibus
2277 539 2346 608 ct
2377 539 2895 605 venditionibus
2924 540 3044 603 vix

372 649 724 719 recedunt.
772 649 949 714 Nam
997 646 1341 730 perfectae
1386 646 1882 730 intelliguntur
1935 646 2170 711 statim
2233 662 2314 711 ac
2373 644 2555 711 inter
2619 646 3045 711 venditorem

370 756 443 823 et
512 755 893 823 licitantem
942 758 1027 821 de
1074 754 1293 837 pretio
1342 753 1745 821 convenerit
1788 754 1964 841 (14);
2037 754 2402 820 laesionem
2471 753 2839 837 recipiunt,
2906 752 3046 818 nisi

373 862 549 929 forte
596 863 932 948 venditor,
981 864 1057 929 in
1118 850 1519 929 venditione
1579 861 1972 941 indicenda,
2043 862 2490 927 venditurum
2557 876 2631 925 se
2698 858 3048 943 pollicitus

374 968 603 1054 fuerit,
651 968 905 1052 quippe
952 970 1081 1035 hoc
1130 971 1351 1035 aleam
1400 966 1567 1034 facit
1612 968 1749 1049 (15)
1799 966 2340 1054 redhibitoriam
2396 965 2574 1049 (16):
2639 966 2729 1052 et,
2776 966 2834 1031 si
2889 982 3049 1032 ven-

374 1074 559 1143 ditor
632 1062 826 1141 fictos
904 1074 1277 1141 licitatores
1345 1074 1691 1159 submisit,
1766 1073 1856 1160 in„
1939 1073 2285 1155 integrum
2361 1072 2884 1157 restitutionem,
2959 1090 3048 1138 ex

376 1185 535 1249 dolo
580 1184 739 1264 (17).
787 1184 975 1249 Η800
1020 1184 1151 1249 sub
1185 1183 1387 1248 modo
1412 1180 1719 1264 aptanda
1750 1180 1915 1247 sunt
1947 1180 2406 1247 locationibus
2437 1180 2506 1247 et
2539 1179 3050 1245 conditionibus

378 1306 555 1373 quae
602 1291 730 1354 sub
779 1291 979 1355 hasta
1022 1289 1474 1355 celebrantur.

514 1399 661 1461 409.
696 1396 1066 1478 Neqociari
1088 1396 1191 1461 est
1223 1395 1487 1477 aliquid
1519 1412 1743 1463 emere
1779 1394 1856 1489 ut
1879 1393 2328 1459 immutatum
2353 1393 2581 1473 carius
2604 1394 2864 1459 vendas
2889 1393 3046 1474 (18).

376 1510 770 1593 Negotiatio
815 1510 1178 1575 ordinatur
1222 1512 1311 1575 ad
1358 1510 1664 1575 lucrum:
1714 1509 1772 1574 si
1825 1510 1955 1574 hoc
2002 1507 2364 1573 ordinatur
2409 1510 2496 1573 ad
2559 1507 2770 1572 finem
2826 1523 3053 1572 neces-

378 1616 635 1683 sarium
685 1618 798 1682 vel
844 1618 1232 1700 honestum,
1280 1609 1660 1700 negotiatio
1708 1615 2160 1699 proculdubio
2191 1614 2386 1679 licita
2415 1617 2536 1695 est,
2570 1614 3050 1710 praeterquam

376 1724 661 1789 clericis.
710 1724 895 1791 Dum
934 1720 1030 1788 'ne
1076 1723 1378 1789 multum
1426 1722 1721 1816 divexet·
1745 1721 1970 1806 pretia
2000 1738 2271 1807 rerum3
2304 1723 2450 1787 sive
2483 1740 2641 1787 cum
2675 1722 2828 1805 quis
2858 1722 3050 1807 emit,

377 1831 525 1896 sive
572 1848 731 1896 cum
778 1830 1017 1913 postea
1076 1828 1393 1895 revendit
1451 1832 1624 1910 (19):
1690 1832 1990 1895 multum
2061 1830 2381 1913 inquam,·
2440 1847 2604 1895 nam
2676 1830 2732 1895 si
2804 1846 3048 1911 parum

380 1940 608 2020 vexet,
657 1937 821 2020 quia
874 1939 1005 2003 hoc
1065 1937 1449 2003 necessario
1512 1938 1844 2023 sequitur,
1891 1939 2098 2020 culpa
2153 1936 2388 2022 vacat,
2445 1937 2618 2002 alias
2673 1934 3052 2019 negotiatio

379 2045 503 2111 vix
548 2044 745 2141 licita
789 2046 986 2130 esset,
1028 2046 1151 2111 aut
1182 2061 1270 2110 ne
1300 2044 1424 2109 vix
1454 2045 1767 2127 quidem:
1803 2047 1872 2109 et
1912 2045 2350 2109 incommoda
2380 2038 2780 2109 huiusmodi
2811 2041 3055 2107 multis

380 2167 470 2216 ex
515 2153 804 2217 adverso
850 2153 1230 2217 commodis
1276 2150 1776 2235 compensatur.
1828 2152 1969 2217 Nec
2015 2151 2382 2233 inspicitur
2428 2149 2664 2215 utrum
2711 2150 2786 2215 in
2817 2166 3052 2235 parva,

380 2274 472 2322 an
521 2258 594 2322 in
644 2274 903 2341 magna
949 2257 1337 2340 quantitate
1383 2258 1643 2340 aliquid
1694 2257 1880 2323 emat
1927 2259 2086 2340 (20).
2134 2256 2232 2323 At
2277 2258 2480 2323 aliter
2525 2274 2801 2377 prorsus
2833 2273 2905 2322 se
2945 2272 3054 2321 res

382 2363 591 2430 babet
638 2365 713 2430 in
757 2365 1192 2447 monopoliis

516 2474 667 2536 470.
716 2471 1183 2552 Monopocium
1228 2472 1565 2554 accipitur
1614 2472 1932 2553 pluribus
1977 2472 2218 2537 modis.
2252 2472 2544 2553 Propria
2587 2470 2657 2535 et
2701 2469 2940 2535 stricta
2973 2470 3057 2535 si·

382 2554 852 2662 gnificatione,
908 2577 1183 2643 definiri
1241 2576 1499 2660 potest.
1574 2576 1980 2660 Sinyularis
2045 2577 2415 2659 neqotiatio
2485 2577 2692 2660 (21).
2722 2576 2836 2642 Fit
2895 2574 3092 2641 cum'

384 2701 567 2750 1111118
614 2685 784 2750 emit
828 2685 1106 2770 alicubi,
1154 2683 1236 2749 ut
1288 2683 1525 2767 postea
1586 2684 1940 2770 revendat,
1989 2685 2414 2771 universum,
2460 2686 2572 2748 vel
2634 2699 2844 2766 prope
2905 2682 3056 2748 uni·

383 2808 659 2857 versum
737 2793 1017 2874 aliquod
1093 2807 1311 2874 genus
1380 2793 1736 2857 mercium.
1815 2735 2046 2878 Unus;
2113 2794 2233 2856 sed
2294 2791 2422 2856 etsi
2483 2791 2712 2874 plures
2774 2789 3054 2874 fuerint,

265 2938 272 2945 ·
382 2899 755 2964 dummodo
804 2899 1005 2980 pauci
1054 2899 1261 2980 (quod
1310 2899 1499 2963 varie
1544 2915 1633 2964 ex
1678 2899 1849 2963 10018
1895 2898 2248 2964 aestimari
2279 2895 2525 2980 debet),
2559 2897 2786 2961 adhuc
2824 2913 3057 2962 mono-

380 3105 531 3180 498,
596 3105 875 3180 Ζ801181.,
946 3107 1083 3182 355,
1142 3127 1202 3166 11.
1269 3109 1361 3166 13.
1428 3105 1661 3166 Contra
1774 3108 2000 3183 utitur,
2047 3114 2178 3166 tum
2231 3109 2378 3182 q‘uia
2434 3111 2498 3166 et
2556 3059 2688 3183 ipse
2742 3105 3054 3183 periclita-

382 3186 612 3260 MazzO,
659 3186 735 3245 V.
780 3187 916 3246 240.

463 3265 592 3344 (14)
633 3265 859 3343 Tropl.,
904 3267 1040 3324 868.
1084 3266 1225 3325 Non
1268 3274 1475 3327 antea.

462 3347 591 3424 (15)
636 3345 728 3404 De
773 3346 885 3404 hoc
927 3349 1095 3405 inter
1136 3347 1189 3405 I.
1236 3345 1304 3404 O.
1350 3368 1469 3406 non
1526 3368 1667 3406 con-

381 3426 577 3484 venit.
604 3425 873 3484 Durant.
900 3427 1107 3504 (XVI,
1132 3427 1275 3504 468)
1307 3432 1501 3505 negat
1530 3431 1663 3486 sine

382 3505 510 3564 ulla
580 3505 1006 3581 distinctione,
1070 3506 1363 3565 lesionem
1434 3528 1664 3585 compe-

382 3589 515 3644 tere
532 3604 546 3660 3
596 3585 803 3662 Tropl.
862 3586 927 3664 (§
988 3587 1131 3665 857)
1195 3585 1466 3646 affirmat
1530 3591 1663 3647 sine

382 3665 509 3723 ulla
553 3665 980 3725 distinctione.
1029 3666 1377 3741 Utrumque
1420 3670 1475 3726 si
1512 3669 1663 3744 quid

382 3765 734 3903 opfflffissess
739 3753 1023 3884 &31¹3ssss
1054 3829 1161 3884 cit.
1206 3829 1271 3884 in
1316 3849 1375 3886 n.
1424 3829 1515 3886 10.

462 3907 590 3984 (17)
628 3905 825 3982 Lugo,
884 3906 1133 3980 XXVI,
1193 3909 1303 3979 45;
1350 3908 1411 3966 S.
1452 3907 1662 3984 Alph.,

381 3984 508 4059 III,
554 3987 690 4059 808,
740 4006 795 4044 v.
840 3988 1162 4044 Diximus.

461 4065 563 4124 Ad
596 4065 885 4124 ultimum
914 4066 1237 4126 videamus
1268 4067 1421 4142 quid
1458 4067 1533 4125 de
1564 4068 1663 4126 his

380 4144 711 4204 dicendum
744 4147 845 4220 sit,
872 4147 979 4220 qui
1013 4148 1075 4205 in
1106 4149 1392 4206 auctione
1418 4153 1663 4207 conten-

382 4225 561 4298 dunt,
594 4245 714 4285 non
748 4230 821 4284 ut
848 4234 1077 4301 emant,
1124 4228 1229 4285 sed
1277 4227 1355 4285 ad
1386 4230 1659 4304 pretium

280 4359 289 4368 ,
382 4305 755 4380 augendum.
799 4307 887 4365 Et
928 4305 1140 4381 refert,
1188 4313 1399 4366 utrum
1442 4310 1495 4366 is
1524 4308 1662 4366 ideo

381 4385 739 4459 contendat,
772 4391 845 4444 ut
876 4387 1189 4446 venditori
1220 4388 1451 4461 faveat,
1484 4408 1565 4446 an
1590 4393 1663 4446 ut

382 4473 603 4524 noceat
646 4467 927 4542 emptori,
960 4487 1041 4525 an
1071 4473 1145 4524 ut
1174 4467 1251 4525 ab
1280 4467 1391 4526 hoc
1423 4466 1661 4542 aliquid

378 4551 769 4619 extorqueat:
798 4547 921 4620 dle,
951 4553 1161 4605 utrum
1192 4549 1522 4606 caritatem
1546 4547 1663 4606 lac-

380 4626 510 4699 dat,
550 4627 833 4700 quaestio
863 4629 1062 4703 magis
1092 4629 1266 4702 facti,
1298 4647 1483 4702 qnam
1504 4629 1661 4686 iuris

382 4710 513 4780 est;
574 4709 683 4764 iste
727 4706 924 4765 laedit
977 4708 1256 4785 profecto
1312 4710 1659 4781 caritatem,

384 4785 493 4842 sed
522 4805 643 4844 non
666 4787 980 4845 iustitiam
1024 4793 1157 4846 tum
1208 4789 1354 4862 quia
1387 4789 1519 4845 iure
1550 4808 1661 4846 suo

546 4943 713 4985 D’Asm

716 4957 871 4986 mame.
906 4944 1151 4987 Surnmula
1190 4944 1347 4988 Theol.
1378 4957 1497 4988 mor.
1528 4945 1639 4987 Vol.
1670 4947 1737 4988 Π.

1775 3193 1914 3262 tur;
1975 3194 2041 3246 at
2104 3191 2220 3262 hie,
2294 3189 2347 3244 si
2417 3186 2574 3244 nihil
2637 3185 3052 3263 periclitatur,

1760 3269 2087 3326 justitiam
2134 3267 2351 3341 laedit,
2393 3273 2458 3326 et
2487 3269 2761 3343 turpiter
2796 3275 3053 3342 accepta

1772 3349 2110 3406 restituere
2135 3347 2321 3406 debet
2345 3348 2446 3424 (V.
2479 3347 2751 3420 Scavini,
2775 3346 2864 3421 ΙΙ,
2888 3347 3052 3424 405).

1855 3428 1983 3505 (18)
2029 3429 2126 3486 Ex
2170 3428 2246 3485 D.
2292 3427 2426 3501 Th„
2470 3428 2524 3501 2,
2570 3427 2623 3498 2,
2683 3428 2776 3501 77,
2835 3429 2891 3484 4.
2935 3429 3055 3484 Im-

1772 3513 2112 3583 ·mutatum;
2180 3506 2338 3580 alias
2413 3506 2782 3584 (negotiatio
2835 3507 3055 3584 impro-

1772 3589 1936 3664 pria)
1981 3589 2180 3664 magis
2217 3607 2390 3664 opuS,
2435 3587 2534 3646 vel
2565 3585 2902 3645 artificium
2931 3588 3055 3644 erit

1774 3667 1946 3740 (Soa,
1994 3667 2106 3742 VI,
2152 3669 2205 3740 2,
2251 3668 2332 3745 2).

1855 3748 1983 3826 (19)
2027 3748 2161 3805 Hoc
2205 3747 2277 3806 fit
2340 3766 2530 3821 quum
2567 3747 2750 3805 multi
2792 3744 3050 3822 aliquid,

1772 3847 1832 3886 v.
1878 3848 1948 3901 0.,
1979 3826 2378 3901 frumentum,
2411 3827 2625 3902 oleum,
2661 3828 2874 3886 vinum
2893 3847 2906 3900 ;
2937 3834 3054 3885 aut

1772 3928 1936 3965 unus
1979 3928 2100 3966 non
2143 3908 2442 3966 modicam
2471 3907 2692 3966 harum
2729 3927 2934 3966 rerum
2964 3927 3053 3980 co-

1774 3989 1938 4064 piam
1983 3988 2213 4046 alicubi
2255 3993 2602 4064 comparat:
2647 3989 2702 4046 is
2739 3989 2920 4062 quasi
2943 4007 3053 4063 per

1772 4087 2156 4142 consequens
2179 4075 2371 4126 vexat
2406 4067 2688 4127 nonnihil
2718 4087 2786 4126 eo
2813 4066 2931 4126 loci
2961 4087 3054 4126 ea-

1770 4169 1907 4205 rum
1952 4168 2158 4206 rerum
2203 4150 2438 4226 pretia3
2497 4150 2631 4206 sive
2686 4167 2828 4206 cum
2883 4150 3049 4217 emit,

1771 4229 1920 4302 quia
1963 4247 2196 4287 merces
2225 4229 2494 4286 rariores
2523 4227 2716 4302 fiunt;
2749 4229 2882 4285 sive
2913 4247 3052 4286 cum

1770 4328 1877 4366 eas
1947 4308 2256 4383 revendit,
2329 4309 2476 4383 quia
2545 4309 2812 4366 rariores
2895 4307 3050 4366 facti

1770 4394 1923 4446 sunt
1967 4389 2343 4447 venditoresi.

1853 4469 1980 4546 (20)
2025 4466 2378 4546 Reginald„
2424 4469 2518 4541 25,
2565 4469 2700 4526 331.

1853 4549 1980 4625 (21)
2013 4549 2282 4622 Scaccia,
2315 4549 2408 4606 De
2443 4548 2736 4608 Commer.
2757 4553 2811 4606 et
2846 4547 3049 4606 C'amb.

1770 4631 1809 4703 ,ξ
1871 4630 1920 4702 1,
1995 4627 2115 4700 QU.
2187 4628 2337 4701 VII,
2409 4628 2552 4686 Par.
2610 4629 2666 4686 3.
2722 4628 2937 4684 Limit.
2994 4629 3050 4703 9,
3118 4647 3122 4650 ·

1768 4727 1828 4765 n.
1861 4709 1914 4782 3,
1941 4709 1999 4767 A
2031 4710 2292 4768 Graecis
2320 4709 2466 4776 μα’-οῦς
2505 4709 2748 4786 (unum)
2778 4712 2842 4764 et
2872 4707 3050 4756 πωλέω

1768 4789 2115 4867 (vendere).

2889 4947 2946 4988 26
