3584 5350
581 297 660 364 40
781 313 980 357 LIBER
1010 314 1053 356 Ι.
1089 331 1112 344 ·
1147 313 1380 358 TRACT.
1411 315 1482 358 11.
1513 293 1925 360 DE‘VIRTUTE
1953 317 2329 362 RELIGIONIS
2360 319 2447 362 ET
2474 318 2681 362 VITIIS
2713 318 3046 364 OPPOSITIS

581 460 797 544 igitur
843 463 972 527 hac
1017 478 1221 544 super
1264 479 1338 528 re
1371 461 1625 545 triplex
1668 481 2095 546 responsum.
2144 467 2458 533 Primum
2492 468 2663 532 haee
2696 466 2936 534 habet:
2972 469 3247 536 Remoto

577 569 770 636 omni
814 585 1068 652 errore,
1115 568 1485 654 sortilein,
1548 570 1871 652 explicita
1935 573 2057 637 aut
2116 572 2466 659 implicita
2512 573 2941 640 invocatione
2984 575 3247 642 daemo-

577 677 712 763 nis,
762 693 990 741 merus
1035 676 1226 742 actus
1271 675 1656 743 adhibendi
1699 690 1935 744 unmA
1976 678 2284 764 physica,
2333 679 2625 746 aliunde
2686 681 2901 764 licita,
2966 699 3104 748 non
3148 684 3255 749 est.

574 782 941 850 moraliter
1007 782 1273 865 vetitus,
1343 784 1709 850 dummodo
1780 801 1920 851 non
1988 785 2223 851 tendat
2290 787 2386 852 ad
2444 782 2649 873 finem
2700 786 3050 872 illicitum,
3120 790 3245 856 aut

577 891 1182 974 quomodocumque
1219 907 1548 970 pravum.
1619 879 2016 974 Applicatio
2060 893 2285 958 autem
2326 893 2847 976 principiorum
2892 896 2953 961 et
2998 895 3244 962 medio·

576 1015 736 1064 rum
802 1013 977 1078 pure
1037 994 1501 1082 physicorum,
1573 998 1666 1062 ad
1736 1016 1849 1064 res
1917 999 2041 1066 aut
2106 998 2367 1082 effectus
2434 1018 2588 1066 vere
2652 1004 3239 1091 supernaturales,

574 1105 650 1170 ut
689 1103 964 1188 physice
1009 1102 1448 1190 emplicentur,
1497 1122 1636 1170 non
1681 1107 1776 1170 est
1822 1105 1965 1172 nisi
2011 1105 2303 1188 deceptio
2350 1107 2630 1174 omnino
2676 1108 2953 1190 illicita,
2986 1109 3046 1174 et
3092 1110 3242 1176 hae-

573 1211 885 1277 retic-alis
931 1212 1046 1293 (1).
1095 1209 1412 1276 Alterum
1445 1213 1654 1277 haec:
1715 1213 1921 1278 Usum
1954 1213 2411 1297 mayneiismi,
2442 1215 2648 1296 prout
2680 1215 3067 1301 exponitur,
3102 1234 3241 1284 non

575 1319 778 1384 licere
821 1319 935 1398 (2).
985 1319 1282 1384 Demum
1330 1321 1401 1383 3⁰
1447 1321 1684 1385 eadem
1734 1317 1801 1384 S.
1856 1321 1935 1384 U.
1984 1321 2059 1404 I.,
2105 1320 2327 1385 literis
2388 1321 2568 1387 datis
2618 1305 2658 1387 4
2704 1340 2865 1407 aug.
2921 1325 3088 1390 1856
3150 1328 3241 1392 ad

572 1441 813 1492 omnes⁴
841 1423 1230 1507 EpiscopOS,
1264 1425 1554 1507 monuit,
1609 1441 1863 1491 novum
1916 1427 2259 1509 quoddam
2311 1427 2826 1508 superstitionis
2878 1447 3085 1510 qenus
3129 1431 3239 1496 in-

571 1531 727 1598 vehi
772 1547 852 1597 ex
889 1531 1374 1612 phoenomenis
1419 1532 1842 1616 m,aqneticis;
1891 1531 2139 1616 quibus
2172 1533 2363 1598 haud
2384 1534 2695 1600 scientiis
2722 1535 3033 1619 physicis
3078 1555 3240 1602 enu-

571 1638 896 1720 cleandis,
965 1637 1041 1704 ut
1081 1653 1222 1719 par
1289 1638 1470 1720 esset,
1533 1639 1651 1704 sed
1718 1638 2164 1724 decipiendis,
2233 1658 2315 1706 ac
2374 1641 2773 1708 seducendis
2842 1641 3239 1710 hominibus

569 1746 839 1812 student
885 1744 1210 1811 neoterici
1250 1747 1523 1826 plures;
1575 1745 1740 1830 rati,
1783 1762 1979 1827 posse
2035 1747 2314 1830 occulta,
2378 1749 2638 1813 remota
2698 1766 2780 1815 ac
2822 1745 3071 1829 futura
3131 1749 3239 1816 de·

569 1853 703 1934 teqi
745 1850 1187 1932 maquetismi
1231 1852 1400 1938 arte,
1449 1855 1551 1918 vel
1590 1853 1993 1940 praestiin,
2038 1853 2449 1934 praesertim
2480 1872 2601 1936 ope
2638 1855 3235 1943 muliercularum,

571 1976 741 2042 quae
785 1957 984 2023 unice
1027 1975 1074 2023 a
1119 1957 1688 2039 maqnetizatoris
1735 1960 1911 2024 nutu
1949 1960 2285 2041 pendent:
2348 1977 2598 2044 eosque
2643 1962 3025 2048 damnavit,
3089 1947 3231 2049 qui,

567 2065 642 2130 in
689 2064 1306 2134 somnambulismo
1353 2063 1422 2130 et
1445 2067 1633 2132 clara
1665 2065 2057 2150 intuitione,
2104 2083 2173 2132 se
2217 2065 2620 2132 invisibilia
2654 2084 2950 2149 quaeque
2979 2068 3237 2150 conspi-

567 2190 712 2238 cere
756 2171 1094 2259 effutiunt,
1143 2189 1224 2238 ac
1268 2173 1350 2237 de
1379 2172 1536 2253 ipsa
1569 2172 1919 2258 Relae’qione
1948 2189 2289 2239 sermones
2333 2173 2713 2256 instituere,
2746 2175 3029 2242 animas
3057 2193 3239 2242 mor·

567 2279 842 2345 tuorum
913 2295 1205 2361 evocare,
1277 2295 1604 2359 responsa
1671 2279 1995 2361 accipere,
2042 2281 2279 2361 iqnota
2348 2297 2429 2346 ac
2474 2281 2848 2364 lonqinqua
2916 2282 3232 2370 deteqere,

565 2385 845 2469 aliaque
889 2387 969 2451 id
1013 2403 1222 2466 qenus
1267 2385 1747 2468 superstitiosa
1779 2403 1975 2474 ,ausu
2019 2387 2392 2454 temerario
2438 2405 2737 2454 exercere
2760 2391 3230 2470 praesumunt.

701 2497 804 2558 49.
853 2494 962 2558 Ab
1009 2493 1353 2558 Ecclesiae
1400 2491 1754 2577 consume,
1805 2496 2100 2576 gradum
2148 2494 2486 2560 faciamus
2531 2496 2621 2559 ad
2667 2494 2841 2560 scita
2872 2493 3241 2577 potestatis·

563 2601 809 2666 civilis.
858 2601 1100 2683 Itaque
1147 2599 1688 2683 magnetismum
1734 2601 2000 2665 iamdiu
2047 2618 2090 2667 a
2136 2601 2364 2666 Gallia
2408 2601 2684 2684 penitus
2733 2601 2837 2666 bis
2870 2601 3237 2687 depulsum

563 2709 793 2791 fuisse,
841 2725 952 2772 an.
1008 2710 1177 2772 1746
1225 2707 1294 2771 et
1347 2709 1536 2791 1840,
1587 2708 1724 2774 iam
1773 2694 1945 2775 dixi.
1998 2710 2200 2773 Anno
2239 2710 2429 2794 1880,
2478 2708 2757 2791 publiea
2789 2710 3230 2793 magnetismi

563 2833 684 2882 seu
729 2816 1158 2899 hypnotismi
1203 2817 1616 2903 spectacula,
1688 2816 1941 2902 quippe
1987 2816 2353 2883 hominum
2415 2816 2823 2902 valetudini,
2893 2819 3259 2901 bonisque·

562 2923 870 2989 moribus
915 2921 1188 3007 infesta,
1236 2921 1453 2988 vetita
1497 2922 1782 2987 fuerunt
1829 2922 1904 2987 in
1952 2922 2215 2990 ditione
2261 2921 2625 2988 Austriaca
2671 2922 2740 2988 et
2796 2924 3227 3010 Germanica;

443 3024 448 3029 ’
559 3030 800 3114 serius,
847 3046 1096 3111 nempe
1143 3046 1254 3094 an.
1313 3032 1501 3114 1886,
1550 3031 1623 3094 in
1673 3028 1879 3093 Italia
1925 3031 2055 3115 (3);
2103 3028 2255 3094 tum
2305 3030 2380 3096 in
2411 3027 2659 3125 Dama,
2708 3031 2781 3095 in
2816 3047 2995 3113 pago
3027 3031 3226 3112 (Oan-

565 3135 750 3217 tone)
799 3136 1152 3221 Bernensi,
1200 3138 1274 3200 in
1322 3133 1699 3221 Hollendia
1745 3136 1840 3217 (4)
1888 3135 1976 3222 et,
2024 3137 2360 3219 superiori
2408 3151 2613 3222 anno,
2663 3137 2914 3202 iterum
2948 3138 3023 3201 in
3054 3154 3230 3202 non·

559 3243 772 3309 nullis
819 3243 1087 3308 Galliae
1130 3244 1523 3326 provinciis
1553 3243 1674 3327 (5).
1721 3244 2114 3341 Dolendum
2184 3242 2306 3329 est,
2356 3260 2437 3309 ea
2482 3261 2624 3309 non
2671 3245 2927 3327 ubique
2974 3245 3046 3309 in
3097 3245 3229 3327 pri·

559 3351 739 3416 vatis
786 3351 1072 3416 aedibus
1119 3368 1388 3434 quoque
1457 3351 1581 3417 aut
1649 3351 2107 3417 conventibus
2172 3350 2393 3417 vetita
2438 3350 2668 3437 fuisse,
2738 3351 2813 3416 in
2861 3351 3113 3435 quibus
3157 3352 3227 3417 et

639 3616 727 3695 (1)
772 3616 832 3675 S.
877 3614 954 3675 U.
983 3614 1056 3691 L,
1114 3616 1190 3673 23
1246 3616 1372 3674 iun.
1433 3615 1605 3675 1840.
1651 3614 1831 3689 Quod

557 3716 920 3773 responsum
983 3696 1211 3755 iterum
1274 3695 1492 3755 datum
1534 3701 1648 3771 est,
1717 3699 1832 3756 sub

1941 3617 2097 3755 lssis't
2132 3636 2291 3693 quae
2354 3614 2436 3675 ad
2496 3616 2882 3675 luciditatem
2958 3618 3226 3693 pertine-

1985 3717 2065 3755 an
2102 3741 2116 3756 .

555 3776 656 3835 die
700 3776 778 3833 28
820 3775 928 3834 iul.
974 3774 1147 3833 1847.

637 3856 725 3935 (2)
771 3855 829 3930 S,
901 3854 1272 3931 Poenitent„
1339 3846 1391 3915 ‘1
1479 3856 1586 3915 iul.
1659 3857 1833 3915 1841.

557 3933 740 4009 Quod
781 3936 1042 3995 totidem
1084 3936 1268 4013 plane
1311 3938 1522 3997 verbis
1572 3936 1829 4014 pridem,

557 4016 672 4075 sub
716 4016 818 4075 die
861 4016 932 4073 21
1001 4016 1180 4093 april.
1224 4016 1502 4076 eiusdem
1533 4019 1700 4091 anni,
1731 4016 1833 4075 da—

553 4103 687 4155 tum
758 4095 968 4154 fuerat
1037 4116 1072 4153 a
1143 4117 1321 4157 sacra
1389 4096 1828 4172 Inquisitione.

553 4178 860 4253 Exposita
930 4178 1094 4235 enim
1163 4176 1420 4237 fuerant
1487 4178 1685 4235 multa
1754 4196 1829 4237 ex

549 4416 628 4457 vel
669 4414 900 4463 minimo,
950 4428 1098 4467 opere
1147 4415 1432 4469 magnetieo
1479 4416 1700 4471 magia-m
1751 4429 1825 4459 re·

549 4468 704 4523 periri
737 4468 810 4518 (V.
847 4470 944 4513 Oiv.
981 4470 1118 4520 Cata,
1165 4470 1266 4512 Ser.
1299 4470 1386 4531 VI,
1417 4471 1514 4512 vol.
1546 4472 1588 4523 6,
1628 4483 1674 4565 p.
1704 4472 1820 4521 306).

548 4522 739 4565 Eadem
769 4522 922 4565 habet
949 4522 1222 4577 Cahagnot·;
1255 4524 1344 4575 qui
1372 4536 1591 4577 ingenue
1651 4526 1825 4565 abe-bur

549 4576 856 4619 recentiores
884 4578 1089 4631 fluidum
1119 4588 1339 4619 new-veum
1365 4578 1637 4629 appellare,
1671 4589 1824 4630 quem

548 4632 744 4673 veteres
772 4632 1042 4673 daemonem
1072 4628 1312 4673 dixerunt
1341 4630 1448 4681 ub„
1479 4643 1525 4682 p.
1560 4628 1825 4681 7031911111

583 4682 686 4725 uod
712 4683 820 4736 ipse
849 4684 1028 4725 Frane.
1060 4684 1276 4726 Mesmer
1295 4682 1348 4725 id
1383 4682 1691 4725 subobscure
1711 4696 1825 4725 oon-

547 4696 712 4785 ?essus
743 4736 854 4783 est?
883 4736 1151 4785 Confessus
1181 4740 1258 4783 esi.
1287 4736 1440 4792 em'm,
1471 4736 1528 4783 in
1557 4738 1622 4781 M.
1655 4736 1716 4781 A.
1746 4749 1825 4781 su.-

2024 3776 2111 3857 (3)
2156 3776 2385 3835 Vizioli
2446 3775 2550 3854 (V.
2600 3774 2903 3836 Giornale
2955 3779 3025 3836 di
3066 3778 3225 3835 Neu-

1940 3858 2345 3935 ropatoloqia,
2370 3855 2613 3933 Napoli‚
2666 3876 2723 3933 p.
2752 3856 2868 3915 150
2890 3877 2987 3934 ap.
3032 3856 3225 3915 Fran-

1942 3956 2027 4012 cO,
2074 3936 2361 4010 XXVII,
2408 3957 2510 4014 pp.
2558 3937 2689 4011 161,
2734 3936 2897 4015 eta).

2022 4018 2109 4095 (4)
2153 4018 2398 4091 Vizioli,
2443 4019 2485 4075 l.
2526 4035 2593 4092 6.,
2640 4037 2739 4094 pp.
2788 4017 2917 4093 164,
2963 4020 3081 4077 ebe.

2022 4097 2294 4236 (bhfiv.
2366 4097 2545 4171 Cati„
2617 4098 2655 4154 4
2722 4098 2968 4175 maggio
3040 4096 3217 4172 1889,

1936 4417 2079 4459 besse
2124 4416 2494 4459 &insinua-eiam
2544 4417 2597 4459 di
2642 4430 2709 4459 un
2756 4420 2923 4469 anemo
2968 4414 3218 4469 superiore

1934 4470 2041 4523 (1b.‚
2088 4482 2136 4523 p.
2168 4470 2294 4527 7013)..
2331 4470 2686 4521 Quamobrem,
2735 4470 2816 4512 vel
2864 4469 2972 4523 ipse
2993 4470 3220 4523 Dupot-et,

1934 4524 2156 4577 seipsum
2186 4526 2408 4565 tremens
2435 4523 2733 4578 interrogat,
2769 4530 2943 4565 utrum
2967 4523 3216 4575 sapientis

1934 4577 2018 4630 sit,
2050 4577 2273 4619 reveillcr
2302 4577 2487 4629 l’eeprit
2516 4579 2570 4620 de
2598 4578 2783 4631 ἡμας
2830 4580 2881 4619 et
2909 4577 3213 4630 respondet:

1942 4632 2014 4673 Un
2056 4631 2219 4673 istinct
2260 4632 2419 4681 secret,
2464 4643 2543 4673 ma
2586 4632 2850 4674 conscience
2912 4632 3013 4674 orie
3058 4642 3146 4681 quc
3165 4634 3217 4682 je

1934 4683 2163 4789 saissossssl
2193 4686 2383 4727 toacher
2426 4686 2457 4729 ἀ-
2488 4696 2557 4729 σεδ
2586 4688 2741 4730 choses
2757 4688 2775 4729 !
2818 4663 2932 4739 (Ap.
2973 4682 3215 4737 Miz-ville,
