3584 5350
557 353 686 396 TIT.
719 350 788 396 11.
821 350 907 394 DE
936 349 1142 398 VITIIS
1171 347 1515 394 RELIGIONI
1544 349 1875 394 OPPOSITIS
1904 367 1942 378 -
1970 347 2145 393 SEc'r.
2178 347 2246 392 11.
2278 347 2363 391 DE
2394 347 2857 392 IRRELIGIOSIT.
2982 331 3059 388 47

390 501 812 587 immediate3
862 497 1217 584 indirecte,
1267 500 1342 564 in
1372 498 1482 564 his
1513 515 1688 580 quae
1736 500 1825 564 ad
1857 500 2121 563 cultum
2156 496 2306 563 eius
2341 495 2732 580 pertinent:
2782 495 3061 583 directe,

389 609 786 693 blaspemia,
835 606 1205 674 tentatione
1251 607 1310 672 et
1352 604 1671 687 periurio
1689 626 1716 690 ;
1749 603 2167 689 indirirecte,
2198 605 2583 688 sacriteqio.
2623 607 2724 670 De
2755 605 3057 686 periurio

385 716 526 781 iam
573 731 816 802 supra3
864 715 1035 781 alibi
1102 716 1187 780 (le
1246 713 1647 798 sacrilegi03
1693 714 1787 777 -de
1843 713 2273 796 blasphemia
2332 711 2400 778 et
2462 711 2843 778 tentatione
2909 713 3061 799 Dei,

384 825 643 908 pauciS,
694 824 823 888 hic.
1341 885 1360 906 ,

309 908 319 918 ’
518 931 622 996 56.
677 929 1120 1012 Blasphemia
1183 927 1316 993 est:
1394 929 1686 994 Verbum
1745 927 2301 994 contumeliosum
2347 927 2427 992 in
2489 927 2705 992 Deum
2753 927 2873 1010 (1).
2938 927 3057 992 Uti

385 1037 600 1119 igitur
644 1037 735 1103 sit
785 1037 1239 1118 blasphemia,
1300 1051 1574 1100 necesse
1622 1035 1757 1100 est:
1814 1039 1883 1098 10
1930 1033 2008 1099 ut
2055 1033 2145 1098 sit
2202 1036 2519 1119 verbum,
2578 1038 2649 1098 2⁰
2695 1033 2773 1099 ut
2818 1035 3050 1098 contu·

382 1143 785 1229 mellosum,
838 1139 906 1205 3⁰
956 1142 1032 1206 ut
1079 1142 1152 1206 in
1202 1143 1444 1206 Deum.
1509 1141 1598 1206 Et
1647 1142 1889 1224 primo,
1937 1142 2012 1205 ut
2071 1140 2166 1205 sit
2211 1142 2531 1210 verbum:
2577 1140 2863 1226 scilicet,
2914 1142 3047 1204 bla-

380 1250 695 1331 sphemia
745 1249 1118 1332 opponitur
1164 1247 1354 1313 laudi
1406 1248 1543 1334 (2);
1591 1250 1766 1327 ideo,
1814 1265 1989 1330 quae
2036 1246 2113 1312 flt
2157 1249 2362 1313 rebus
2408 1248 2529 1313 aut
2575 1248 2775 1314 factis
2824 1248 3061 1313 contu·

381 1358 698 1440 meliosis,
741 1358 812 1421 in
846 1359 1057 1422 aliam
1094 1357 1626 1438 irreligiositatis
1658 1357 1956 1438 speciem
1992 1354 2176 1420 cadit
2210 1354 2331 1436 (3).
2366 1355 2549 1420 Illud
2572 1371 2715 1420 non
2745 1353 3058 1438 interest,

463 1605 552 1684 (1)
595 1605 694 1664 Ex
752 1580 948 1678 Suae,
1005 1606 1065 1662 h.
1129 1608 1192 1676 ι.,
1252 1603 1348 1662 De
1405 1605 1665 1682 Religio-

380 1705 476 1756 πε,
565 1690 609 1744 t.
680 1685 733 1759 I,
805 1685 942 1746 Lib.
1012 1684 1086 1757 I;
1155 1685 1248 1741 De
1313 1685 1664 1762 irreliqios„

381 1765 532 1842 Cap.
577 1765 691 1841 VI,
749 1786 809 1824 n.
876 1767 928 1823 1.
991 1763 1260 1822 Pulchre
1332 1764 1506 1822 Less,
1571 1765 1664 1822 De

1773 1623 1919 1663 rum
1974 1607 2042 1664 ’ἰη
2099 1605 2509 1682 stym'fioando
2564 1601 2667 1680 (D.
2712 1601 2843 1676 Th„
2902 1603 2955 1678 2,
3000 1603 3054 1677 2,

1776 1683 1872 1760 71,
1921 1687 1950 1741 1
1997 1683 2075 1742 ad
2120 1683 2215 1762 2):
2258 1682 2395 1741 ideo
2456 1701 2603 1741 vere
2646 1681 3055 1759 blasphemat,

1776 1765 1903 1840 qui,
1950 1785 2007 1823 v.
2052 1784 2121 1831 c..
2167 1764 2327 1821 irato
2358 1766 2573 1821 contra
2605 1762 2804 1822 Deum
2834 1763 3053 1837 anime,
3100 1789 3104 1793 -

381 1847 539 1904 luet.
581 1851 637 1903 et
687 1847 848 1918 Iure,
893 1843 983 1918 II,
1028 1845 1122 1918 45,
1181 1844 1319 1922 23):
1375 1845 1553 1913 Quod
1596 1848 1663 1904 i'n

380 1928 662 1985 homines
722 1931 810 1984 est
872 1923 1260 1999 contumelia,
1327 1927 1390 1983 ἰη
1467 1925 1660 1983 Deum

375 2011 467 2064 est
507 2006 906 2082 blasphemia.

469 2086 557 2162 (2)
587 2085 802 2160 Tolet„
833 2084 948 2159 IV,
983 2083 1074 2158 13,
1109 2086 1163 2152 1;
1194 2083 1390 2158 διιεῖ-ι,
1425 2084 1536 2156 VI,
1569 2085 1624 2142 5.

415 2216 424 2227 .
468 2165 556 2243 (3)
599 2165 696 2223 Ex
741 2163 810 2222 O.
855 2167 908 2238 2,
951 2165 1046 2221 De
1088 2165 1372 2223 anZedic.
1396 2183 1422 2238 ;
1466 2163 1660 2236 Suar„

384 2245 500 2318 IV,
545 2247 601 2318 ⁸5?
645 2245 889 2316 Sanch.,
947 2245 1045 2317 D„
1091 2243 1180 2317 II,
1239 2244 1332 2319 32,
1379 2246 1433 2302 5.
1493 2243 1664 2302 Nihi-

1777 1845 1841 1902 in
1860 1845 2095 1904 coelum
2110 1844 2330 1920 expuit
2347 1843 2611 1920 (Laym.,
2630 1847 2688 1902 h.
2706 1848 2767 1918 t.,
2784 1841 2922 1901 Lib.
2941 1843 3054 1914 IV,
3111 1913 3115 1918 ,

1773 1923 1895 1998 Tr„
1942 1924 2033 2000 10,
2078 1923 2228 2000 Cap.
2285 1923 2399 1997 VI,
2456 1924 2537 2000 2).
2594 1923 2845 1996 Verum,
2909 1924 3056 1999 quia

1775 2003 1882 2061 alii
1925 2004 1991 2062 id
2033 2007 2269 2082 negant
2312 2002 2579 2080 (Sanch.,
2624 2021 2684 2060 n.
2728 2003 2797 2066 ὃς
2842 2002 3054 2077 Mazz.,

1774 2087 1917 2158 h.t.,
1962 2081 2112 2160 Cap.
2154 2083 2207 2158 1,
2254 2083 2293 2160 ξ
2339 2085 2368 2140 1
2415 2085 2481 2141 in
2524 2102 2635 2160 pr.;
2678 2083 2825 2158 ibiq,
2858 2081 3053 2157 Suar.‚

1775 2163 1965 2238 Pala„
2010 2164 2176 2241 eta),
2216 2173 2283 2222 et
2326 2163 2513 2241 vulgo
2569 2165 2623 2221 is
2666 2182 2789 2222 non
2830 2161 3056 2221 intelli-

1775 2246 1950 2322 gitur
1978 2243 2423 2320 blasphemare,
2454 2242 2738 2302 censuris
2768 2248 2835 2300 et
2862 2261 3055 2301 reser-

1775 2324 2135 2382 vationibus
2178 2323 2403 2400 (sicubi.
2445 2323 2613 2382 latae
2644 2327 2794 2381 sunt
2836 2324 2901 2380 in
2932 2322 3055 2380 bla-

375 2324 662 2400 lominuS,
709 2325 900 2384 verba
943 2325 1222 2400 accipere
1266 2323 1558 2382 debemus
1600 2330 1665 2382 et

1776 2403 2086 2480 sphemos)
2128 2405 2439 2461 eximitur.

375 2425 451 2463 ea
513 2407 710 2481 faeta,
776 2423 931 2482 quae
999 2405 1219 2484 habeut
1280 2407 1404 2462 vim
1469 2406 1666 2462 verbo-

1925 2594 1975 2600 —-
2004 2593 3034 2602 ——m———u-m

373 2716 582 2774 cuivis
667 2716 934 2773 ositivae
980 2714 1264 2791 religioni
1311 2713 1736 2773 infensissima
1779 2712 2082 2772 effutiunt
2124 2714 2270 2789 (16).
2314 2712 2488 2771 Haec
2545 2714 2873 2791 spiritismi
2917 2733 3051 2790 por-

377 2800 574 2853 tenta.
669 2798 732 2853 ui
763 2795 862 2853 his
891 2794 1306 2865 delectantur,
1341 2813 1412 2852 ea
1443 2796 1564 2853 sibi
1594 2795 1879 2871 opinione
1903 2793 2331 2868 blandiuntur,
2356 2794 2519 2868 quod
2543 2795 2807 2869 spiritus
2837 2794 3048 2853 huius-

374 2875 542 2933 modi
584 2894 704 2933 non
749 2877 880 2933 sint
919 2876 1044 2933 nisi
1090 2874 1526 2933 defunctorum
1570 2875 1830 2933 animae.
1862 2874 2195 2951 Perperam
2228 2874 2293 2949 (§
2336 2874 2507 2953 47*ss
2541 2894 2682 2931 nam
2712 2874 3051 2933 daemones

374 2960 531 3013 sunt
560 2956 686 3033 (17)
703 2975 717 3028 ;
748 2954 910 3029 quod
941 2955 1172 3013 nemini
1205 2974 1351 3012 suae
1381 2956 1610 3013 mentis
1641 2954 1909 3031 amplius
1938 2954 2227 3013 dubitare
2256 2954 2355 3012 fas
2383 2959 2499 3013 est.
2532 2952 2653 3012 Sed
2680 2955 2805 3012 etsi
2834 2960 3050 3012 essent

372 3036 618 3095 animae
661 3034 1116 3093 defunctorum:
1161 3054 1362 3093 nonne
1405 3054 1512 3093 eas
1567 3054 1843 3109 evocare,
1908 3054 2013 3092 eas
2056 3034 2392 3109 consulere,
2459 3035 2536 3092 ab
2580 3035 2669 3092 eis
2714 3036 3048 3109 veritatem

373 3117 721 3190 exquirere,
779 3117 993 3175 omnia
1043 3118 1190 3173 haec
1244 3117 1644 3174 abominatur
1697 3117 2030 3187 Dominus,
2090 3118 2145 3173 et
2196 3119 2459 3192 propter
2520 3117 2881 3173 huiusmodi
2934 3132 3050 3173 sce-

374 3198 512 3255 lera
552 3196 774 3254 delevit
815 3200 1021 3273 gentes
1063 3194 1234 3273 (18)‘?

498 3275 615 3335 Uti
658 3279 838 3352 patet
878 3295 954 3333 ex
999 3274 1205 3350 dictis,
1251 3274 1607 3333 tabularum
1651 3276 1993 3334 rotantium
2024 3281 2090 3333 et
2120 3274 2449 3352 spiritismi
2480 3274 2695 3349 multa,
2728 3275 2793 3332 in
2865 3274 3042 3333 rimis

375 3356 533 3432 ipsis
576 3374 784 3413 eorum
826 3356 1049 3430 initiis,
1095 3356 1439 3413 communia
1483 3360 1662 3413 sunt:
1709 3356 2093 3431 pedetentim
2138 3374 2283 3413 vero
2333 3355 2599 3413 alterum
2655 3355 2736 3413 ad
2778 3294 3045 3413 alierum

373 3454 581 3513 prope,
627 3436 900 3513 propius,
945 3436 1218 3512 proxime
1262 3434 1522 3509 accedit,
1583 3454 1654 3495 ac
1710 3435 1954 3493 demum
2020 3438 2309 3510 utrumqe
2373 3436 2437 3492 in
2502 3440 2783 3511 apertam
2840 3454 3045 3493 necro-

372 3516 690 3590 mantiam,
737 3516 917 3573 immo
961 3516 1024 3573 in
1071 3516 1382 3591 propriam
1425 3534 1495 3573 ac
1541 3534 1750 3573 veram
1794 3513 2341 3574 daemonolatriam
2386 3514 2637 3573 desinit.
2682 3514 2803 3572 His
2846 3516 3047 3591 igitur

377 3612 696 3669 nunquam
736 3595 982 3653 omnino
1024 3596 1121 3651 uti
1164 3594 1328 3668 licet,
1374 3614 1488 3653 nec
1530 3596 1621 3653 eis
1663 3597 2001 3669 interesse;
2045 3614 2183 3654 cum
2213 3594 2447 3653 nullam
2476 3596 2613 3654 heic
2656 3595 2845 3655 liceat
2874 3614 3046 3671 pae-

375 3680 586 3733 tex'ere
631 3675 942 3733 curandae
975 3673 1362 3733 valetudinis
1392 3694 1660 3733 causam.
1693 3676 1819 3735 Eos
1864 3682 2111 3733 tantum
2140 3675 2313 3733 letali
2359 3694 2582 3734 vacare
2612 3676 2890 3747 dixerim,
2936 3676 3043 3749 qui

371 3756 641 3831 quadam
713 3757 916 3813 animi
986 3756 1232 3813 levitate
1299 3760 1410 3812 aut
1479 3758 1855 3829 curiositate,
1923 3757 2287 3833 iocandtque
2351 3774 2559 3827 causa,
2621 3757 2853 3815 ariensis
2920 3774 3044 3813 ma-

372 3852 495 3893 nus
557 3840 904 3912 apponunt,
973 3840 1040 3892 ut
1109 3838 1174 3893 e'n
1242 3852 1464 3912 ι(μμ-τινι
1537 3840 1841 3907 moveant,
1909 3841 2018 3893 aut
2082 3837 2385 3894 eiusmodi
2443 3837 2881 3913 experimentis
2942 3839 3045 3893 ac!-

367 3917 600 3973 ststunt
644 3914 790 3993 (19).

1759 4128 1889 4169 ritus
1926 4126 2223 4171 huiusmodi
2265 4140 2465 4170 versare
2508 4127 2683 4170 domos
2725 4126 2870 4179 odiis;
2918 4126 3041 4168 viris

1759 4180 1911 4223 fidem
1932 4194 2146 4223 uxorum
2183 4186 2469 4233 suspect-am
2499 4181 2722 4243 reddere,
2754 4180 2887 4222 unde
2916 4192 3042 4222 nun-

1762 4234 1831 4276 oii
1878 4235 2123 4276 uxoribus
2170 4234 2383 4283 remissi,
2432 4234 2531 4277 filii
2573 4246 2722 4287 quasi
2764 4232 3043 4275 adulterini

1760 4288 1911 4330 domo
1942 4287 2105 4339 eiecti,
2138 4291 2232 4329 etc.
2274 4290 2392 4335 (Giv.
2441 4291 2577 4343 (λαιῇ,
2610 4288 2713 4331 Ser.
2759 4289 2823 4339 11,
2870 4286 2967 4329 vol.
2997 4288 3037 4338 2,

1759 4354 1872 4395 pag.
1903 4342 2009 4391 593;
2042 4342 2145 4383 Ser.
2176 4343 2214 4392 1,
2247 4342 2346 4383 vol.
2375 4342 2417 4393 9,
2448 4355 2495 4395 p.
2525 4344 2611 4391 49).

1842 4394 1928 4445 (17)
1962 4396 2016 4437 V.
2049 4395 2096 4437 S.
2126 4394 2417 4447 Angustia,
2438 4398 2508 4437 De
2532 4397 2688 4443 (fit-it..
2712 4395 2772 4445 X,
2799 4395 2862 4444 11;
2886 4392 3042 4445 Chry-

1760 4452 1897 4496 sost„
1931 4449 2105 4490 Homil.
2134 4448 2189 4489 39
2218 4450 2269 4490 in
2311 4450 2514 4498 Mattta.,·
2552 4450 2611 4489 D.
2644 4448 2749 4500 Th„
2781 4448 2822 4499 2,
2852 4448 2893 4498 2,
2915 4446 2982 4497 95,
3013 4448 3039 4487 4

1758 4502 1823 4543 ad
1851 4502 1892 4543 2.
1926 4501 2069 4551 Quod
2100 4501 2293 4543 ethnici
2323 4501 2421 4563 ipsi
2466 4505 2511 4543 et
2555 4504 2809 4543 noverunt.
2837 4504 2887 4542 et
2915 4498 3037 4541 fassi

1759 4559 1893 4603 sunt,
1926 4556 1980 4596 in
2010 4555 2091 4596 his
2136 4554 2433 4607 Porpliirius
2482 4554 2572 4602 (Cf.
2616 4555 2766 4607 Bait„
2812 4555 2942 4597 Saite
2984 4555 3039 4595 de

1761 4609 1811 4650 la
1842 4620 2047 4661 reparate,
2082 4608 2189 4649 Par.
2224 4610 2259 4658 1,
2293 4608 2435 4661 chap.
2466 4610 2507 4661 ὖ,
2539 4613 2670 4657 eta).

1838 4663 1923 4711 (18)
1954 4664 2109 4710 Dent„
2156 4662 2340 4713 xvm,
2382 4662 2511 4713 1231
2561 4664 2749 4715 Reman,
2800 4660 3035 4711 XXVIII,

1757 4718 1811 4767 93
1843 4716 1977 4767 Isai.,
2010 4713 2147 4767 VIII,
2177 4715 2246 4756 20.

1838 4770 1924 4819 (19)
1958 4770 2185 4820 Peri-one,
2218 4776 2239 4817 ε
2269 4768 2362 4809 750.

368 4138 527 4169 novos
555 4126 787 4181 hymnos,
817 4126 1040 4180 psalmos
1072 4132 1166 4169 ete.
1210 4126 1331 4169 Dixi
1372 4129 1514 4169 varia
1557 4140 1649 4181 pro

371 4180 502 4222 locis.
551 4180 621 4223 Ut
667 4192 780 4223 ecce
827 4182 1122 4235 Monetam-ii,
1179 4180 1310 4221 nihil
1357 4180 1460 4222 nisi
1505 4180 1649 4233 pium

367 4234 634 4285 sonabant,
678 4233 980 4287 prophanas,
1028 4234 1108 4276 vel
1159 4234 1347 4276 otiosos
1397 4247 1652 4277 sermones

521 4287 662 4339 bant,
733 4287 1104 4329 consessionem
1181 4287 1522 4330 auricularem
1601 4291 1653 4329 et

365 4340 452 4383 SS.
483 4340 666 4382 Missae
695 4340 1004 4382 sacrificium
1037 4340 1366 4382 vehementer
1396 4354 1650 4383 commen-

365 4393 562 4437 dabant
589 4396 685 4435 etc.
718 4394 922 4444 Contra,
955 4395 1179 4445 Generae,
1213 4393 1528 4436 Novatorum
1568 4394 1651 4435 do-

451 4450 542 4489 ata
582 4446 820 4489 laudibus
865 4447 1202 4499 extollebant;
1251 4448 1525 4500 Genea-am,
1571 4460 1650 4488 nr-

383 4514 482 4543 vem
511 4513 618 4543 esse
647 4500 751 4543 Deo
782 4500 1049 4552 dilectam3
1096 4500 1204 4543 fore
1251 4505 1309 4542 ut
1352 4514 1412 4543 ex
1455 4514 1514 4543 en.
1554 4501 1649 4543 ori-

363 4558 510 4597 retur
536 4553 712 4597 lumen
773 4554 988 4607 entium,
1021 4558 1072 4595 et
1099 4554 1221 4596 fides
1253 4566 1382 4603 vera,
1415 4554 1649 4606 nihilque

363 4608 412 4650 ei
441 4620 714 4650 commune
765 4610 977 4650 uturum
1021 4620 1138 4649 cum
1176 4608 1434 4649 Ecclesiae
1470 4608 1650 4650 Roma-

363 4673 462 4703 nae
490 4660 726 4715 flagitiis:
758 4661 876 4703 inde
905 4661 960 4703 in
1009 4660 1221 4703 Romam
1251 4661 1500 4713 convicia,
1546 4674 1649 4703 ma·

363 4713 556 4759 lodium
583 4712 660 4765 (V.
693 4716 790 4757 Οἰυ.
827 4716 966 4779 crate„
1001 4715 1105 4757 Ser.
1133 4716 1226 4757 111.
1257 4714 1356 4757 vol.
1389 4716 1448 4769 5.,
1479 4728 1526 4767 p.
1560 4717 1646 4764 34).

446 4768 536 4818 (16)
563 4768 798 4821 Perrone,
829 4777 852 4817 ἥ
881 4768 977 4811 67ι.
1025 4769 1104 4809 Ad
1145 4768 1288 4822 haec,
1334 4772 1525 4811 norunt
1552 4769 1647 4821 spi-
