3584 5350
599 384 825 433 satyrio
854 384 899 433 1.
930 410 954 420 -
982 388 1195 436 cAPu'r
1226 392 1267 435 1.
1298 386 1384 435 nn
1412 384 1681 435 mamus
1711 384 1795 435 ΕΤ
1823 385 2371 435 onmsA'rtonus
2399 384 2484 435 nx
2515 380 2937 433 MA‘rnmomo
2977 368 3096 433 477

437 541 496 605 si
542 556 684 606 non
732 556 969 605 omnes
1016 538 1463 607 facultatibus
1511 541 1741 605 idonei
1788 538 1952 627 sint,
1999 524 2290 622 quisque
2359 557 2482 622 pro
2551 540 2694 605 suis
2762 538 3102 603 facultati-

438 648 567 711 bus
613 646 771 727 (12).
820 646 921 711 Hi
968 662 1195 712 omnes
1242 648 1695 729 proculdubio
1742 646 1974 711 alendi
2022 646 2266 711 erunt:
2316 664 2556 712 verum
2591 646 2648 711 si
2682 646 2834 729 quis
2867 662 3103 711 omnes

438 754 621 817 alere
666 753 983 837 nequeat,
1032 770 1200 835 quos
1248 756 1493 819 debeat
1540 770 1723 836 prae·
1748 754 2012 840 ceteriS,
2061 754 2302 819 eodem
2348 754 2495 819 loco
2527 754 2746 835 (quasi
2780 752 2930 817 vice
2962 769 3105 816 mu-

442 860 585 939 tua)
632 860 1132 947 aestimabitur,
1180 848 1269 926 ex
1316 861 1556 925 ordine
1604 860 1913 926 caritatis
1947 877 2116 943 erga
2142 862 2539 942 proximum
2575 859 2683 940 (V.
2718 858 2790 941 ἓξ
2831 862 2936 941 80,
2973 858 3101 939 84).

576 967 723 1031 577.
780 966 865 1030 At
910 984 1073 1031 vero
1120 984 1323 1033 nemo
1355 967 1626 1051 cogitur
1656 968 1994 1033 alimenta
2021 966 2640 1058 cuivis-praestare,
2675 968 2811 1031 nisi
2843 965 2913 1031 et
2945 966 3106 1031 huic

438 1071 635 1162 desit,
683 1072 751 1136 et
797 1073 931 1137 sibi
976 1074 1272 1155 supersit
1320 1074 1478 1152 (13).
1528 1074 1740 1138 Porro
1787 1074 2281 1139 alimentorum
2347 1073 2630 1137 nomine
2693 1071 2861 1154 quid
2921 1088 3108 1153 prae-

439 1178 621 1243 stare
667 1178 979 1261 oporteat
1024 1180 1195 1245 alias
1243 1180 1391 1245 dixi
1440 1179 1501 1263 (ξ
1550 1182 1699 1263 358,
1748 1198 1816 1245 n.
1868 1182 1994 1260 38).
2050 1180 2414 1265 Quantum,
2463 1180 2593 1244 hoc
2624 1179 2910 1243 arbitrio
2943 1180 3106 1242 boni

440 1285 575 1349 viri
621 1284 973 1349 aestimari
1022 1284 1243 1371 debet,
1292 1302 1381 1351 ex
1429 1284 1836 1351 necessitate
1882 1286 2284 1367 accipientis
2332 1285 2498 1371 (14),
2546 1284 2616 1349 et
2678 1303 2767 1349 ex
2829 1282 3110 1349 faculta-

443 1390 631 1456 tibus
673 1392 903 1456 dantis
950 1386 1121 1473 (15):
1169 1394 1243 1457 at
1291 1409 1450 1457 vero
1496 1393 1828 1473 fratribus
1875 1395 1944 1457 et
1975 1393 2324 1458 sororibus
2355 1408 2438 1457 ea
2472 1391 2744 1457 tantum
2777 1392 3109 1473 praestari
3155 1408 3160 1413 ·

442 1498 713 1581 debent,
762 1498 910 1563 sine
958 1499 1209 1580 quibus
1252 1499 1487 1565 vivere
1533 1500 1818 1565 omnino
1869 1516 2010 1564 non
2059 1498 2339 1580 possent
2401 1500 2559 1579 (16).
2622 1499 2919 1564 Demum
2982 1515 3109 1579 quo

442 1604 641 1669 modo
687 1604 1031 1685 praestare
1078 1605 1249 1669 haec
1294 1604 1625 1688 oporteat,
1680 1604 1913 1670 utrum
1962 1606 2151 1669 domi
2199 1606 2472 1687 recepto
2517 1620 2599 1669 eo
2645 1605 2764 1685 qui
2821 1604 3109 1669 alendus

443 1708 567 1795 est,
613 1725 703 1773 an
752 1710 1201 1791 pensionibus
1247 1710 1311 1773 ei
1358 1710 1774 1793 constitutis,
1825 1709 2013 1792 optio
2065 1710 2295 1775 dantis
2326 1710 2462 1794 est3
2510 1710 2644 1773 nisi
2677 1710 2888 1773 iudex
2919 1710 3110 1773 aliud

444 1830 740 1895 aequum
788 1814 1139 1897 putaverit
1184 1817 1343 1897 (17).
1416 1814 1505 1879 Et
1572 1817 1631 1881 si
1700 1817 1932 1898 plures
1995 1816 2253 1882 fuerint
2299 1818 2415 1899 qui
2464 1816 2792 1880 exhibere
2839 1830 3111 1879 necesse

444 1921 721 2008 habent,
772 1923 919 1987 iure
966 1923 1199 1989 nostro
1247 1926 1471 2005 potest
1519 1924 1577 1988 is
1610 1924 1731 2005 qui
1765 1924 2054 1989 alendus
2085 1924 2208 2009 est,
2241 1941 2330 1989 ex
2364 1923 2640 2007 urgenti
2683 1920 3132 2003 necessitate,‘

445 2028 514 2093 et
559 2030 649 2094 ad
696 2028 966 2112 tempus
1012 2020 1399 2107 dumtaxat,
1448 2031 1816 2113 implorato
1864 2030 2114 2096 iudicis
2160 2029 2404 2115 officio,
2457 2048 2676 2095 unum
2709 2030 2962 2113 eligere
2994 2030 3109 2111 qui

350 2214 359 2222 θ
450 2136 676 2217 ipsum
722 2136 886 2217 alat,
933 2153 1247 2220 regressu
1294 2136 1357 2201 ei
1406 2139 1735 2211 adversus
1779 2137 2040 2202 ceteros
2087 2137 2248 2216 dato
2299 2138 2455 2217 (18).

582 2246 730 2307 578.
779 2244 995 2310 Porro
1041 2246 1205 2327 quia
1250 2260 1492 2309 necare
1538 2240 1812 2311 videtur
1858 2244 1979 2327 qui
2024 2242 2370 2310 alimonia
2417 2245 2701 2326 deneqat
2744 2246 2903 2328 (19),
2952 2246 3115 2311 obli·

388 2427 395 2433 ,
449 2351 639 2433 gatio
684 2366 765 2415 ea
796 2348 1190 2432 praestandi
1220 2350 1321 2415 est
1354 2351 1668 2415 omnium
1700 2348 2133 2437 gravissima3
2167 2350 2454 2433 proinde
2485 2367 2627 2415 non
2661 2350 2906 2433 recipit
2937 2366 3114 2414 com-

453 2458 926 2540 pensationem
975 2458 1133 2537 (20).
1186 2456 1324 2522 Nec
1372 2456 1530 2522 licet
1576 2475 1659 2522 ea
1704 2458 2068 2543 denegare,
2115 2474 2195 2523 eo
2241 2459 2423 2540 quod
2471 2457 2550 2541 is,
2599 2457 2718 2540 qui
2777 2474 2860 2522 ea
2919 2457 3113 2541 petit,

449 2566 539 2629 ad
586 2564 960 2648 egestatem
1008 2565 1290 2631 devenit
1333 2565 1539 2647 culpa
1569 2582 1697 2629 sua
1728 2566 1904 2651 (21),
1951 2568 2434 2648 praeterquam
2465 2565 2800 2630 fratribus
2839 2565 2910 2630 et
2939 2580 3118 2629 soro·

449 2672 639 2739 ribus
688 2674 848 2754 (22).
896 2672 1373 2739 Nihilominus
1419 2672 1668 2740 merito
1716 2674 1820 2738 illi
1869 2675 2272 2757 denegatur,
2321 2675 2441 2756 qui
2487 2690 2570 2739 ea
2601 2672 2858 2738 iniuria
2887 2670 3118 2738 affecit

449 2795 607 2844 eum
655 2797 698 2844 a
741 2795 878 2861 quo
924 2778 1237 2845 exhiberi
1284 2780 1457 2864 vult,
1507 2781 1593 2844 ob
1641 2766 1850 2862 quam
1877 2779 2278 2845 hereditate
2323 2781 2472 2846 eius
2519 2779 2626 2861 (V.
2653 2779 2688 2862 ξ
2720 2782 2869 2866 342,
2904 2797 2971 2844 n.
3011 2781 3116 2860 10)

448 2885 719 2950 arcetur
765 2885 938 2966 (23):
989 2886 1109 2950 sed
1157 2884 1353 2967 pater
1393 2886 1860 2951 nihilominus
1931 2886 2073 2951 filio
2133 2885 2478 2969 praestare
2547 2887 2748 2951 debet
2815 2903 2898 2951 ea
2943 2903 3118 2968 quae

451 3091 749 3172 Toullier)
779 3095 927 3170 quia
956 3093 1067 3153 hoc
1098 3093 1267 3153 nullo
1310 3095 1444 3154 iure
1474 3099 1728 3154 cautum
1839 3097 2131 3155 Aliment.
2215 3097 2437 3172 legat,
2519 3095 2595 3154 V
2673 3094 2892 3170 Zach„
2979 3093 3112 3168 552,

452 3181 580 3248 est3
644 3193 843 3248 neque
906 3176 1286 3234 indivisibile
1335 3175 1473 3253 (ceu
1541 3181 1729 3251 putat
1840 3196 1900 3234 n.
1947 3175 2038 3233 18.

452 3253 808 3333 Duranton)
838 3254 1001 3329 quod
1029 3274 1140 3331 per
1168 3275 1234 3313 se
1262 3259 1444 3332 patet
1472 3253 1592 3332 (Of.
1617 3254 1729 3313 Za·
1922 3256 2050 3334 (19)
2093 3255 2166 3314 L.
2209 3257 2264 3330 4,
2308 3257 2402 3314 De
2443 3257 2644 3316 Liber.
2685 3274 2930 3334 aynosc.
3185 3325 3191 3330 ,

451 3333 638 3409 char„
684 3336 725 3393 Z.
768 3333 861 3414 e..)
1922 3337 2050 3414 (20)
2093 3335 2161 3394 C.
2205 3335 2292 3394 It.
2334 3335 2488 3410 Civ„
2545 3337 2689 3394 Art.
2747 3336 2918 3411 1289,
2978 3334 3017 3412 ξ
3059 3335 3114 3410 3,

532 3379 659 3494 (12)
704 3415 803 3472 Ex
846 3411 913 3473 C.
958 3413 1052 3489 G.,
1096 3414 1243 3488 208;
1288 3415 1390 3490 It.,
1438 3415 1571 3472 143.
1843 3418 2054 3474 iuncto
2099 3414 2167 3473 C.
2209 3415 2403 3490 Proca,
2449 3416 2598 3490 5923
2633 3415 2708 3474 V.
2751 3415 2821 3475 O.
2852 3414 2927 3473 G.
2958 3415 3112 3488 Oiv„

532 3493 661 3574 (13)
706 3495 778 3552 L.
809 3495 863 3568 5,
895 3495 961 3552 in
990 3493 1069 3568 fi.‚
1105 3495 1201 3552 De
1242 3497 1443 3554 Liber.
1485 3514 1732 3572 aquoso.
1842 3497 1982 3554 Art.
2051 3496 2222 3570 1293,
2285 3495 2492 3570 Proc.,
2559 3461 2700 3554 Art.
2766 3496 2899 3569 581,
2967 3495 3114 3568 582,

532 3574 648 3650 (14
704 3574 777 3632 L.
807 3575 861 3648 5,
896 3573 977 3652 ἓξ
1006 3576 1060 3650 4,
1094 3575 1147 3649 7,
1192 3577 1248 3649 4,
1296 3577 1479 3652 Eod.,·
1522 3573 1589 3633 C.
1633 3575 1729 3650 G„
1843 3577 1967 3634 nisi
2011 3577 2306 3650 utrinque
2357 3582 2736 3635 concurrant
2789 3575 3114 3649 creditum,

451 3653 588 3726 2093
670 3659 735 3729 t.‚
783 3654 914 3712 143.
974 3652 1149 3726 Quae
1192 3657 1368 3713 varie
1411 3675 1488 3713 ex
1530 3675 1732 3731 perso-
1842 3660 1910 3714 et
1949 3655 2228 3715 debitum
2257 3656 2622 3714 alimentare
2666 3655 2815 3734 (cit.
2846 3656 2924 3713 A.
2955 3655 3115 3734 592).

450 3753 673 3792 narum
728 3733 1100 3809 conditione,
1158 3739 1383 3810 aetate,
1428 3733 1735 3793 valetudi·
1923 3735 2052 3827 (21)
2075 3737 2250 3828 Arg.
2299 3756 2374 3794 ex
2431 3735 3116 3810 C.1t.,141.1mm0‚

450 3833 547 3888 ne,
591 3819 728 3888 etc„
774 3816 1095 3873 aestimari
1139 3817 1450 3875 convenit.
1843 3834 1956 3874 nec
1987 3817 2042 3874 si
2069 3817 2142 3890 is,
2175 3817 2512 3894 adsignata
2542 3817 2662 3876 sibi
2685 3815 3119 3874 alimentorum

532 3891 661 3972 (15)
706 3892 831 3952 Cit.
874 3894 946 3952 L.
990 3901 1057 3953 et
1112 3895 1251 3954 AA.
1303 3893 1732 3971 Quamobrem,
1845 3897 2104 3970 nomine,
2149 3895 2559 3972 dissipaverit
2587 3897 2666 3973 (N
2674 3904 2792 3970 oet
2824 3897 2918 3970 25,
2949 3896 3004 3971 3,
3035 3897 3116 3974 5).

452 3973 509 4030 si
537 3973 748 4032 eodem
777 3974 991 4032 ordine
1015 3979 1081 4032 et
1101 3973 1229 4033 loco
1251 3975 1463 4051 plures
1486 3973 1733 4050 debent,
1845 3995 2058 4034 verum
2090 3943 2202 4034 boo
2232 3975 2659 4053 accipiendum
2688 3983 2784 4034 est
2816 3996 2955 4034 cum
2980 3996 3121 4054 gra-

450 4073 513 4112 v.
557 4073 627 4128 o.,
672 4053 883 4130 plures
925 4053 1058 4129 filii,
1104 4056 1368 4130 quisque
1423 4073 1545 4113 non
1590 4057 1735 4113 viri·
1844 4075 1921 4113 no
1963 4056 2114 4114 salis
2158 4056 2260 4132 (V.
2305 4056 2592 4130 Durant.,
2637 4055 2726 4132 ΙΙ,
2772 4057 2933 4134 384).

454 4134 586 4206 tim,
632 4133 743 4192 sed
786 4154 897 4210 pro
938 4135 1183 4193 viribus
1238 4135 1425 4194 debet
1475 4135 1577 4213 (V.
1624 4135 1735 4194 Za·
1925 4127 2052 4212 (22)
2098 4135 2195 4192 Ex
2239 4135 2304 4194 O.
2349 4135 2452 4210 It„
2513 4136 2656 4194 Art.
2701 4101 2832 4210 141,
2897 4135 3122 4194 collato

452 4213 640 4287 char„
685 4215 847 4292 552).
890 4213 1119 4288 Itaque
1162 4216 1217 4272 si
1258 4215 1468 4273 Titius
1500 4221 1629 4274 tres
1671 4213 1735 4272 fi·
1845 4235 1983 4274 cum
2026 4217 2101 4272 A.
2149 4215 2279 4289 197,
2313 4214 2459 4275 Cod.
2491 4219 2819 4292 utriusque
2852 4216 3119 4275 Siciliae

450 4293 569 4352 lios
612 4292 856 4368 habeat,
901 4313 1159 4368 quorum
1201 4296 1310 4352 uni
1353 4295 1471 4352 300
1526 4314 1735 4371 super·
1925 4295 2052 4374 (23)
2097 4296 2193 4353 Ex
2237 4297 2310 4354 L.
2341 4299 2402 4370 5,
2445 4298 2538 4354 De
2608 4298 2808 4356 Liber.
2850 4315 3124 4374 aquoso-7·

454 4377 623 4450 sunt,
668 4373 851 4432 alteri
895 4375 1032 4448 600,
1076 4375 1261 4432 alteri
1304 4375 1439 4449 900,
1470 4379 1537 4433 et
1563 4376 1733 4451 patri
1845 4375 2024 4451 Voet,
2069 4376 2164 4450 25,
2207 4375 2262 4450 3,
2310 4376 2400 4450 18,
2449 4377 2594 4454 ibiq.
2640 4377 2880 4452 Gomez,
2919 4377 3119 4451 Tuld„

454 4459 751 4513 sexcenta
795 4453 1022 4528 desint,
1080 4456 1187 4513 ille
1245 4455 1378 4529 100,
1436 4457 1550 4513 iste
1598 4455 1731 4529 200,
1843 4421 2952 4532 Rebuff4'13urant„11,385;418;
3004 4457 3124 4514 Va

453 4535 557 4593 hic
596 4533 716 4591 300
756 4500 1125 4611 praestabit.
1845 4535 2052 4610 zeille;
2117 4534 2322 4611 Zach.,
2387 4503 2522 4613 552,
2567 4557 2627 4595 n.
2672 4503 2766 4596 27.
2829 4537 2923 4596 Ut
2983 4555 3122 4596 ecce

534 4614 666 4692 (16)
710 4612 777 4672 C.
822 4614 924 4690 It.,
972 4615 1115 4673 Art.
1162 4616 1293 4672 141.
1638 4665 1643 4672 .
1846 4617 1900 4673 si
1943 4622 2186 4692 patrem
2229 4616 2464 4676 detulit
2505 4616 2654 4694 (Cit.
2699 4619 2772 4676 L.
2805 4619 2858 4692 5,
2885 4617 2924 4694 ἓ
2951 4618 3125 4675 Idem

566 4695 667 4774 17)
710 4692 778 4752 C.
823 4693 917 4768 G,
963 4695 1112 4768 210·
1157 4686 1280 4769 It.,
1308 4696 1439 4754 145.
1845 4697 2053 4770 iudeae,
2095 4696 2192 4772 8),
2256 4698 2310 4754 si
2373 4697 2634 4756 fratrem
2678 4699 2907 4776 capitis
2950 4717 3129 4756 accu-

566 4774 667 4854 18)
710 4773 924 4849 O.1t.,
994 4775 1125 4850 145,
1172 4775 1212 4852 ξ
1254 4775 1319 4850 2;
1382 4775 1457 4833 L.
1522 4775 1576 4851 3,
1642 4776 1736 4834 De
1847 4776 2016 4833 savit
2060 4775 2193 4854 (1.5,
2238 4778 2276 4855 ξ
2319 4775 2391 4836 Si
2431 4780 2587 4855 quis,
2635 4777 2752 4857 16).
