3584 5350
944 133 967 174 Ι

549 381 777 427 SEOTIO
818 385 889 428 11.
940 381 1155 430 CAPUT
1204 387 1274 430 11.
1318 385 1405 429 DE
1448 385 1787 430 RESTITUT.
1834 387 1918 430 Ex
1961 387 2050 430 RE
2093 387 2361 431 INIUSTE
2402 389 2693 432 ACGEPTA

280 531 427 598 sive
473 533 703 598 adhuc
748 531 1064 599 extantes
1112 535 1269 616 (23).
1304 533 1399 602 At
1444 551 1786 618 possessor
1818 552 1908 600 m.
1943 535 2012 621 f.,
2060 537 2220 601 cum
2253 535 2345 601 sit
2390 537 2538 602 loco
2583 535 2776 620 furiS,
2808 535 2960 600 uni-

278 655 513 728 versos
557 637 916 704 restituere
948 641 1198 724 debet,
1263 641 1334 707 et
1391 641 1751 708 restituere
1799 658 1969 723 quos
2015 641 2338 725 percepit,
2403 641 2565 706 licet
2633 642 2956 707 dominus

282 745 741 830 percepturus.
774 763 912 811 non
960 747 1201 814 fuisset
1250 749 1407 833 (24),
1456 751 1525 815 et
1571 765 1741 831 quos
1785 766 1928 814 non
1974 749 2277 832 percepit
2336 749 2395 814 si
2457 747 2778 814 dominus
2839 763 2953 814 eos

284 851 566 919 honeste
612 852 855 918 fuisset
901 851 1345 937 percepturus
1407 856 1547 937 (25)
1594 858 1663 920 et
1724 872 1894 938 quos
1941 855 2246 937 percepit
2292 857 2351 920 is
2399 856 2510 920 cui
2573 854 2749 920 forte
2810 871 2955 920 rem

281 961 691 1026 alienaverit
735 961 794 1026 si
840 961 900 1026 is
945 961 1156 1027 fuerit
1202 963 1274 1026 in
1324 963 1387 1026 b.
1436 961 1520 1047 f.;
1568 962 1638 1027 et
1684 963 1971 1044 planum
2019 961 2139 1026 est.
2169 961 2659 1045 Nihilominus,
2707 960 2768 1024 si
2813 977 2955 1043 per·

281 1067 463 1150 cepit
509 1084 677 1150 quos
724 1069 1047 1133 dominus
1078 1085 1219 1134 non
1266 1068 1710 1155 percepisset,
1757 1069 1846 1152 et,
1895 1066 2156 1154 contra,
2205 1084 2374 1151 quos
2422 1070 2479 1133 is
2541 1066 2954 1151 percepisset

282 1193 423 1241 non
472 1172 793 1261 percepit,
855 1189 1151 1256 aequum
1210 1173 1399 1260 pute,
1470 1173 2098 1257 compensationem
2162 1173 2310 1240 fleri
2361 1192 2496 1256 ,pro
2542 1175 2713 1240 rata.
2763 1175 2851 1240 Et
2895 1175 2954 1239 si

281 1281 585 1364 percepit
630 1279 977 1367 utrosque,
1010 1283 1128 1346 sed
1174 1297 1262 1346 ex
1294 1281 1399 1366 iis,
1449 1282 1629 1364 quod
1664 1281 1986 1346 dominus
2033 1279 2478 1364 percepturus
2525 1298 2666 1346 non
2711 1281 2957 1346 fuisset

282 1406 422 1455 non
470 1389 562 1454 sit
605 1387 805 1468 (citra
851 1388 1127 1469 culpam
1159 1405 1353 1454 suam
1404 1387 1893 1470 theologicam)
1926 1386 2150 1453 factus
2181 1388 2410 1472 ditior,
2444 1386 2955 1452 restitutionem

282 1513 543 1562 cessare
592 1483 889 1577 aequum
950 1496 1052 1560 est
1114 1496 1270 1577 (26).
1334 1495 1429 1561 At
1475 1511 1643 1578 quos
1692 1511 1818 1560 nec
1887 1496 2032 1577 ipse
2077 1493 2400 1577 percepit,
2448 1511 2577 1560 nec
2631 1495 2954 1560 dominus

280 1603 691 1686 percepisset
735 1602 888 1683 (etsi
922 1602 1198 1684 percipi
1243 1601 1445 1668 facile
1490 1600 1560 1668 et
1606 1601 1890 1667 honeste
1939 1599 2330 1685 potuerint),
2377 1618 2466 1666 ne
2512 1601 2626 1666 fur
2671 1600 2952 1685 quidem

280 1707 618 1794 restituit,
666 1723 754 1773 ne
799 1709 874 1773 in
922 1707 1355 1774 restitutione
1416 1709 1509 1773 sit
1568 1709 1751 1791 quod
1813 1725 1940 1773 nec
2010 1708 2084 1772 in
2131 1709 2323 1773 lucro
2377 1707 2782 1789 possessoris
2827 1705 2951 1791 est,

282 1832 409 1880 nec
455 1815 530 1880 in
576 1816 831 1881 damno
878 1807 1311 1898 proprietarii
1344 1817 1503 1896 (27).
1538 1813 1678 1880 Nec
1724 1816 2006 1879 demum
2044 1813 2349 1879 restituit
2380 1831 2516 1897 eos,
2563 1814 2681 1896 qui
2733 1813 2956 1895 magis

282 1939 371 1987 ex
418 1939 609 1987 mera
655 1921 997 1987 industria
1041 1939 1169 1987 sua
1212 1921 1675 2005 pervenerunt
1721 1921 1882 2002 (28).

416 2032 565 2093 242.
614 2029 815 2095 Nunc
861 2029 1220 2094 videamus
1282 2029 1395 2094 cui
1442 2029 1757 2096 facienda
1803 2029 1894 2094 sit
1961 2027 2322 2094 restitutio.
2394 2028 2503 2093 Ex
2561 2044 2634 2092 re
2699 2027 2956 2094 iniuste

282 2133 580 2219 accepta,
630 2133 976 2200 restitutio
1040 2134 1427 2218 competere
1490 2134 1713 2217 potest
1780 2135 1865 2219 ei,
1921 2135 2040 2217 qui
2103 2135 2178 2199 in
2239 2151 2322 2199 ea
2373 2150 2468 2219 re,
2522 2129 2588 2199 1⁰
2633 2132 2952 2220 dominii,

282 2243 393 2306 vel
470 2239 541 2306 2⁰
619 2259 802 2327 usus,
879 2244 987 2307 vel
1068 2239 1137 2307 3⁰
1214 2243 1658 2324 possessionis
1734 2243 1846 2308 ius
1919 2241 2172 2328 habet,
2242 2239 2436 2326 idest,
2514 2237 2580 2305 1⁰
2625 2240 2950 2327 dominc,

286 2351 359 2412 2⁰
430 2348 832 2434 fructuario,
910 2349 1016 2414 vel
1097 2347 1679 2432 commodatari03
1752 2346 1822 2414 3⁰
1897 2348 2333 2431 depositario,
2412 2347 2533 2412 aut
2609 2347 2952 2430 creditori,

284 2535 665 2610 interpretes
728 2535 958 2609 quique
1026 2534 1403 2593 doctissimi:
1446 2533 1595 2592 Do-·
1753 2533 1882 2612 (25)
1916 2529 1998 2590 L.
2042 2533 2136 2606 34,
2181 2533 2274 2590 De
2318 2534 2392 2590 R.
2453 2534 2555 2606 12⁷.;
2598 2530 2665 2589 G.
2728 2533 2816 2604 11,
2861 2531 2956 2588 De

2843 375 2960 433 203
3034 395 3042 401 ·

284 2612 427 2672 nell.
473 2613 613 2691 (IV,
644 2613 738 2689 25,
790 2614 871 2693 3),
904 2613 1093 2675 Vinn.
1125 2613 1192 2693 (l.
1236 2616 1359 2687 cit„
1387 2635 1447 2672 11.
1479 2615 1559 2693 7),

284 2694 445 2753 Voet
490 2693 557 2773 (l.
601 2696 694 2769 c.),
741 2694 1034 2754 Heinecc.
1086 2696 1289 2773 (Inst.,
1333 2696 1371 2773 ξ
1401 2696 1563 2773 378),

283 2774 515 2849 aliique
556 2774 770 2833 multi:
815 2779 882 2833 et
948 2775 1427 2849 consultissime,
1484 2776 1563 2834 ad

282 2854 431 2913 lites
473 2853 663 2933 (quod
692 2856 843 2933 reip.
880 2856 1175 2935 interest)
1210 2856 1565 2932 praeciden-

284 2934 417 2993 das·
460 2935 550 2993 At
594 2940 843 2995 veteres
884 2936 1007 2994 ΤΤ.
1040 2936 1102 2993 id
1147 2941 1384 3015 negant
1412 2956 1565 2994 com—

283 3016 663 3089 munissime,
709 3016 937 3091 quibus
992 3036 1067 3075 ex
1112 3016 1565 3075 recentioribus

281 3094 589 3154 accedunt
620 3095 972 3155 Lehmkuhl
995 3096 1072 3175 (Ι,
1096 3096 1230 3169 948,
1258 3096 1429 3154 Edit.
1463 3097 1573 3175 V);

282 3180 349 3233 et
389 3174 691 3234 Ballerini
750 3176 880 3253 (Το.
950 3176 1079 3251 ΙΙΙ,
1128 3178 1303 3255 221);
1348 3196 1567 3254 nempe

284 3255 535 3334 (omissa
575 3254 822 3315 illorum
866 3258 1203 3329 sententia,
1244 3258 1352 3332 qui
1407 3255 1565 3318 falso

283 3340 533 3412 putant,
580 3356 690 3395 nos
732 3334 871 3395 heic
914 3341 1083 3396 certo
1125 3343 1190 3396 et
1233 3335 1566 3396 manifesto

285 3417 419 3474 iure
462 3415 755 3495 destitui)
786 3418 1039 3492 quidam
1068 3438 1145 3477 ex
1174 3418 1305 3475 LL.
1343 3416 1436 3491 28,
1468 3418 1564 3492 29,

283 3495 377 3553 De
392 3498 574 3572 petit.
617 3500 837 3570 kered„
880 3517 1039 3572 quae
1094 3496 1216 3556 huc
1272 3518 1391 3557 non
1436 3517 1568 3575 per-

284 3576 511 3649 tinent,
556 3578 703 3652 quia
760 3579 825 3635 in
881 3578 995 3637 hoc
1035 3578 1268 3637 iudicio
1317 3576 1565 3636 fructus

282 3661 520 3732 augent
590 3656 1022 3732 hereditatem,
1079 3658 1155 3717 de
1199 3678 1319 3733 quo
1363 3659 1566 3717 serius

285 3734 518 3811 (Zach.,
564 3738 697 3812 201,
743 3759 801 3797 11.
848 3739 980 3815 1Ο);
1040 3738 1147 3797 alii
1204 3758 1281 3797 ex
1352 3738 1423 3795 L.
1468 3740 1563 3812 45,

283 3815 377 3872 De
432 3818 636 3891 Usum,
678 3819 753 3877 de
824 3838 945 3895 qua
1008 3818 1085 3877 cf.
1153 3819 1342 3879 Vinn.
1406 3818 1472 3895 (Z.
1516 3838 1564 3876 c.

283 3916 341 3985 11.
387 3894 482 3973 8):
528 3896 635 3955 alii
680 3898 924 3957 demum
963 3918 1043 3956 ex
1086 3900 1219 3975 ipso
1289 3898 1565 3957 naturali

284 3994 418 4034 mre
463 3978 611 4052 quia.
654 3998 841 4039 vicmo
910 3982 1103 4039 (letior
1168 3982 1305 4055 fieri
1364 3984 1567 4055 potest

282 4073 423 4113 cum
466 4060 673 4117 aliena
703 4061 989 4133 ia-ctura;
1031 4060 1149 4131 cui,
1188 4060 1385 4133 aiunt,
1431 4060 1567 4117 iure

283 4134 476 4211 civili,
522 4138 808 4217 derogari
830 4140 1007 4198 nefas
1051 4145 1186 4213 est;
1232 4140 1341 4198 sed
1384 4140 1435 4197 si
1469 4144 1568 4197 est

282 4216 392 4288 ita,
452 4238 651 4295 apage
708 4221 1121 4297 usucapiones
1178 4226 1242 4278 et
1299 4221 1566 4296 praecri-

282 4295 561 4371 ptiones!
608 4300 694 4357 Et
739 4302 827 4373 ita
858 4302 1193 4373 nobiscum,
1226 4320 1300 4358 ex
1331 4300 1583 4361 hodier-.

284 4374 399 4447 nist,
446 4376 717 4452 scavini,
764 4380 963 4457 Gury,
996 4380 1245 4455 aliique.

364 4454 512 4535 (23).
557 4458 624 4518 C.
669 4459 772 4534 It„
832 4461 986 4531 703;
1031 4480 1105 4517 ex
1150 4459 1217 4518 C.
1276 4460 1369 4533 Gn,
1431 4461 1564 4517 549.

284 4532 519 4597 Contra
564 4540 635 4596 L.
680 4541 773 4599 22.
820 4538 887 4598 C.
933 4542 1027 4597 De
1070 4542 1146 4597 Ji'.
1205 4542 1263 4599 V.

362 4618 491 4697 (24)
522 4620 594 4677 L.
626 4621 719 4693 59,
765 4622 859 4678 De
877 4623 1052 4697 petit.
1079 4624 1277 4678 hored.
1301 4637 1329 4696 ,·
1370 4619 1565 4682 Less„

283 4690 371 4771 II,
390 4698 492 4837 11ί2,
515 4700 629 4756 120
646 4719 659 4773 ;
677 4700 872 4779 Lug0‚
896 4700 1113 4773 XVII,
1132 4700 1240 4775 583
1275 4700 1349 4760 V.
1375 4700 1413 4779 ξ
1430 4702 1565 4775 216,

284 4792 345 4831 n.
428 4782 483 4839 ι).
1332 4830 1337 4837 .

1672 2615 1838 2672 Rest.
1858 2611 2123 2691 Spoliat.
2140 2631 2166 2687 ‚·
2196 2612 2272 2670 V.
2290 2613 2328 2690 ξ
2356 2612 2486 2686 126,
2519 2633 2578 2670 11.
2604 2611 2700 2668 20.
2732 2608 2956 2683 Quam-

1674 2696 1773 2754 vis
1817 2696 2134 2771 percipere
2179 2714 2280 2752 eos
2325 2691 2478 2771 (fur)
2515 2712 2636 2751 non
2679 2693 2960 2769 potuerit

1700 2776 1898 2853 LugO,
1925 2773 2143 2845 XVII,
2163 2794 2220 2831 n.
2239 2774 2360 2851 56).
2384 2772 2638 2850 Nempe,
2666 2771 2956 2830 deductis

1700 2856 1740 2933 ξ
1766 2854 1898 2928 105,
1945 2875 2004 2912 n.
2046 2852 2144 2931 19)
2188 2855 2480 2929 expensis
2507 2853 2609 2931 (L.
2639 2852 2734 2925 39,
2755 2852 2956 2929 Eod.):

1674 2955 1797 2995 non
1853 2936 2135 2993 omnibus
2205 2933 2472 3009 quidem,
2531 2933 2638 2991 sed
2697 2933 2958 2991 arbitrio

1675 3016 1819 3074 boni
1876 3015 2030 3087 viri:
2093 3013 2246 3090 quid
2303 3015 2482 3088 enim,
2541 3014 2597 3073 si
2653 3012 2955 3086 dominuS,

1674 3094 1836 3155 forte
1881 3097 1982 3154 vir
2009 3094 2298 3172 agricola,
2329 3114 2436 3152 eas
2465 3095 2598 3152 suis
2640 3092 2844 3170 operis
2875 3092 2960 3150 fa-

1674 3183 1896 3236 cturus
1925 3174 2196 3234 fuisset?
2238 3176 2500 3233 maxime
2544 3175 2598 3231 si
2642 3172 2784 3231 aliis
2826 3190 2960 3248 ope-

1676 3258 1764 3315 ris
1808 3257 2016 3314 caruit
2057 3254 2160 3333 (V.
2204 3253 2278 3312 L.
2321 3254 2416 3329 34,
2461 3252 2529 3313 O.
2587 3255 2682 3311 De
2737 3254 2956 3329 Neyoc.

1674 3342 1864 3415 9e88.,·
1905 3335 2052 3411 sot„
2099 3334 2210 3411 VI,
2248 3337 2297 3408 1,
2341 3334 2410 3404 3;
2455 3334 2648 3409 Less.,
2695 3332 2789 3406 20,
2835 3332 2957 3409 98).

1765 3416 2027 3484 Quom..
2071 3418 2315 3474 honeste
2358 3414 2489 3491 (cit.
2533 3414 2607 3471 L.
2643 3414 2765 3490 34).
2789 3409 2958 3484 Quid

1674 3498 1875 3574 igitur
1919 3497 1972 3555 si
2014 3496 2301 3554 dominus
2342 3493 2666 3553 inhoneste
2710 3492 2958 3569 quidem

1676 3577 1785 3636 sed
1841 3596 2060 3635 revera
2117 3576 2516 3653 percepisset,
2576 3573 2752 3632 velut
2795 3593 2831 3631 a
2874 3571 2960 3629 lu-

1675 3656 1984 3734 panario?
2027 3654 2252 3715 Sanch.
2305 3656 2493 3733 (Dea,
2539 3654 2594 3727 Ι,
2650 3652 2744 3727 23,
2819 3652 2958 3729 132)

1675 3741 1872 3815 negat
1925 3736 2034 3795 hos
2077 3738 2144 3794 in
2188 3735 2652 3793 restitutionem
2723 3733 2955 3791 venire.

1677 3818 1781 3875 Ita
1823 3836 2004 3894 porro
2048 3818 2100 3875 si
2144 3834 2264 3873 non
2311 3815 2558 3887 locavit,
2591 3814 2740 3888 quia
2768 3812 2958 3870 absti-

1676 3898 1818 3955 nuit
1861 3916 1927 3955 re
1971 3898 2176 3973 turpi:
2241 3915 2420 3953 secus
2465 3896 2521 3952 si
2561 3912 2781 3952 revera
2843 3892 2960 3951 elo-

1676 3978 1850 4036 cavit
1881 3977 1979 4053 (L.
2009 3977 2103 4052 30,
2129 3977 2223 4033 De
2249 3978 2435 4034 Petit.
2471 3974 2773 4051 hev-edit),
2817 3992 2960 4031 nam

1676 4076 1798 4133 quo
1841 4058 1976 4115 iure
2019 4076 2164 4115 suos
2207 4054 2412 4115 facit?

1756 4137 1887 4215 (26)
1945 4137 2218 4209 Οονειττ.,
2265 4136 2335 4194 Ρ.
2388 4135 2694 4208 Navarra,
2756 4133 2955 4211 Sayr„

1678 4220 1899 4294 LopeZ,
1945 4238 2042 4295 ap.
2088 4216 2308 4275 Sanch.
2361 4218 2516 4289 Dee„
2562 4214 2651 4281 ΙΙ,
2697 4214 2791 4287 23,
2836 4214 2957 4289 30),

1677 4300 1783 4373 qui
1829 4302 2049 4356 contra
2072 4301 2288 4373 putat:
2320 4296 2426 4375 sed
2452 4297 2790 4353 humanior
2837 4312 2965 4351 sen-

1676 4382 1868 4437 tentia
1911 4398 1952 4435 a
1995 4380 2289 4435 Praebere
2330 4378 2614 4453 dissentia
2641 4379 2728 4431 est
2771 4372 2870 4451 (L.
2904 4374 2958 4446 9,

1675 4461 1771 4515 Dc
1800 4458 2020 4533 Pam).

1758 4538 1886 4615 (27)
1943 4536 2185 4609 Sanch„
2250 4538 2411 4609 Dec„
2483 4534 2572 4607 ΙΙ,
2644 4534 2738 4606 23,
2815 4533 2959 4605 118;

1677 4619 1874 4695 LugO,
1921 4616 2138 4691 XVII,
2185 4616 2280 4673 54.

1758 4698 1887 4777 (28)
1933 4698 2028 4756 Ex
2074 4698 2145 4757 L.
2189 4696 2283 4771 32,
2329 4696 2422 4753 De
2454 4696 2528 4753 R.
2569 4696 2676 4769 ,V.;
2719 4693 2959 4769 Laym.,

1676 4778 1804 4854 III,
1860 4779 1916 4840 3.
