3584 5350
242 2767 249 2774 -
360 2729 809 2806 comparandas
850 2727 1186 2804 profectuS,
1219 2748 1255 2785 a
1285 2728 1633 2788 latronibus

1265 332 1493 377 suerio
1532 332 1603 384 Η.
1648 334 1733 377 ΒΕ
1751 358 1756 363 -
1774 334 2132 378 semaraim
2913 322 3032 379 409

368 483 723 549 manicare
768 482 934 564 (3⁰7).
982 482 1091 547 Ex
1135 483 1424 569 diverso,
1458 484 1517 549 si
1548 483 1715 565 quid
1746 486 1836 549 ab
1875 484 2024 566 ipso
2069 484 2142 549 in
2191 485 2588 551 societatem
2637 472 3027 567 impensum

365 588 487 675 est,
534 590 595 654 si
640 590 989 657 societatis
1036 606 1246 655 causa
1288 591 1589 673 (propter
1634 590 2062 672 societatem)
2093 592 2356 673 aliquid
2389 590 2642 673 amisit,
2676 594 3025 659 aliasnon

365 698 763 791 amissuruS,
812 698 942 762 boc
1010 712 1281 779 quoque
1349 700 1683 763 damnum
1754 712 2122 779 commune
2181 698 2313 763 erit
2357 700 2513 779 (38).
2565 698 2818 764 Omnia
2863 716 3032 764 vero

366 804 774 869 dividuntur
821 802 1025 886 prout
1058 803 1257 868 initio
1288 804 1629 887 convenit,
1664 820 1858 869 secus
1889 820 2014 887 pro
2042 803 2195 869 rata
2226 806 2382 887 (39).
2433 806 2752 887 Demum,
2800 808 3024 887 quoad

366 910 623 990 tertiOS,
672 928 849 993 quae
892 926 935 974 a
982 909 1415 975 mandatario
1462 910 1812 994 societatis
1857 913 2140 977 nomine
2194 912 2391 994 gesta
2451 913 2633 998 sunt,
2681 912 3021 994 siquidem

274 1002 278 1005 ⁴
360 1018 559 1083 intra
605 1014 773 1103 fines
817 1018 1152 1102 mandati,
1199 1018 1483 1112 perinde
1528 1018 1662 1082 erit
1704 1034 1784 1085 ac
1831 1020 1888 1119 si
1935 1036 2096 1083 cum
2143 1020 2438 1103 singulis
2499 1018 2702 1084 sociis
2747 1018 3018 1105 gestum

330 1124 575 1213 esset,
622 1124 732 1190 sin
772 1124 1053 1205 prmaetev
1098 1140 1205 1189 eos
1248 1120 1435 1209 tinea,
1483 1124 1770 1227 perinde
1815 1142 1896 1191 ac
1941 1126 1998 1191 si
2047 1126 2522 1191 mandatarius
2568 1142 2692 1191 suo
2739 1127 3020 1191 nomine

364 1230 650 1315 gesserit
697 1233 863 1316 (40).

498 1341 647 1404 479.
696 1338 875 1405 Sunt
908 1339 1151 1405 autem
1199 1338 1559 1405 societates
1588 1342 1696 1405 vel
1730 1300 2176 1425 universales,
2209 1342 2316 1405 vel
2353 1339 2821 1423 particulares.
2857 1341 3022 1406 Uni-

361 1450 661 1514 versales
707 1446 913 1513 tacite
959 1448 1127 1513 coiri
1174 1462 1317 1512 non
1364 1448 1685 1532 possunt3
1734 1463 1860 1513 nec
1905 1464 2063 1513 cum
2112 1448 2222 1513 his
2252 1448 2418 1513 coiri
2456 1450 2740 1530 possunt
2771 1449 3022 1531 quibus
3089 1528 3092 1531 .
3163 1524 3170 1531 ,

364 1557 619 1621 donare
664 1568 805 1620 non
855 1554 1035 1640 licet,
1084 1554 1331 1636 utputa
1392 1554 1706 1638 coniuge,
1755 1557 1866 1620 vel
1927 1554 2088 1620 filiis
2157 1556 2566 1621 adulterinis
2622 1554 2785 1638 (41).
2837 1556 3022 1621 Ooiri

360 1664 593 1729 autem
640 1663 928 1744 possunt
972 1662 1118 1726 sive
1162 1662 1473 1725 omnium
1524 1678 1753 1726 rerum
1801 1662 1870 1727 et
1917 1662 2300 1748 operarum,
2347 1663 2492 1736 sive
2537 1665 3017 1729 universorum

362 1784 537 1854 quae
583 1787 670 1835 ex
716 1774 1003 1851 quaestu
1054 1768 1365 1833 veniunt.
1401 1768 1469 1833 Si
1504 1770 1815 1833 omnium
1851 1786 2080 1836 rerum
2113 1770 2404 1835 societas
2437 1768 2618 1835 coita
2649 1771 2756 1854 sit,
2784 1770 3020 1837 omnia

362 1892 537 1959 quae
584 1876 743 1941 tunc
787 1874 1183 1941 coeuntium
1232 1874 1413 1957 sunt,
1463 1892 1771 1958 quaeque
1818 1877 2110 1941 subinde
2157 1862 2498 1958 cuiusque
2533 1892 2771 1941 eorum
2817 1876 3017 1960 fiunt,

361 1976 1342 2049 continuo‘communicantur
1390 1983 1561 2063 (42):
1610 1984 1918 2065 exceptis
1965 1982 2291 2066 quaesitis
2324 1984 2610 2064 (postea)
2644 1984 2870 2053 alieno
2913 1986 3023 2048 be-

361 2091 626 2173 nesscio,
675 2104 849 2171 quae
897 2090 1079 2170 quod
1126 2090 1215 2153 ad
1256 2105 1456 2153 usum
1492 2088 1763 2154 tantum
1799 2092 1958 2173 (43);
2005 2092 2110 2163 vjel
2147 2092 2421 2171 proprio
2453 2090 2810 2174 maleficiO,
2845 2108 3020 2173 quae

362 2246 569 2404 §(3'})
614 2248 686 2305 L.
730 2246 824 2322 64,
871 2248 910 2325 ξ
952 2248 1005 2322 5,
1051 2250 1109 2305 h..
1166 2252 1249 2322 t.,
1244 2246 1522 2321 'Vinn.,
1570 2248 1635 2306 iu
1827 2248 1954 2325 (39)
1999 2247 2067 2305 C.
2113 2248 2206 2321 G.,
2253 2248 2438 2321 18533
2503 2247 2586 2305 It.
2648 2248 2818 2306 1717.
2870 2248 3020 2308 Iure

554 2332 672 2385 nst.
716 2330 775 2385 h.
819 2333 889 2403 t.,·
932 2326 1110 2401 Voet,
1158 2326 1249 2401 17,
1295 2326 1349 2397 2,
1394 2328 1488 2383 27.
1744 2329 2050 2387 communi
2093 2328 2309 2402 aequis
2351 2328 2642 2403 partibus
2685 2328 2808 2405 (Ex
2851 2328 2924 2386 L.
2966 2332 3016 2403 1,

442 2408 571 2486 ()38
615 2406 687 2464 L.
732 2407 826 2481 52,
885 2408 927 2485 ξ
982 2408 1274 2479 Quidam,
1316 2410 1373 2465 h.
1430 2412 1516 2483 t.,·
1560 2406 1635 2465 V.
1744 2412 1804 2466 h.
1840 2401 1934 2486 t..)
1979 2408 2136 2466 Eius
2179 2426 2342 2481 ver0,
2387 2410 2496 2483 qui
2539 2406 2730 2467 solam
2773 2428 3020 2502 operam

360 2408 621 2563 Donell.,
665 2486 771 2545 Το.
812 2452 1003 2561 ’VIIL
1048 2487 1186 2545 Lib.
1230 2485 1343 2561 IV,
1375 2487 1453 2544 ad
1483 2490 1597 2545 lut
1744 2488 2030 2561 contulit,
2076 2492 2216 2547 rata
2303 2507 2373 2545 ar
2415 2488 2540 2546 erit
2579 2489 2714 2547 eius
2757 2490 2866 2563 qui
2916 2492 3022 2547 mi-

360 2589 420 2626 n.
485 2566 593 2641 213
652 2566 895 2641 Domat,
954 2568 1093 2626 Lib.
1151 2565 1201 2640 Ι,
1260 2532 1386 2625 Ti’t.
1442 2493 1633 2647 VIII,
1743 2588 1863 2625 nus
1905 2567 2239 2646 contulit(
2299 2569 2368 2626 it.
2411 2568 2594 2647 AA..)
2635 2568 2752 2627 Sed
2785 2569 2914 2643 hoe,
2946 2575 3020 2629 ut

361 2647 493 2708 Sez.
536 2613 649 2722 I'V,
696 2666 754 2706 n.
802 2646 894 2705 12.
940 2646 1174 2722 Veluti,
1207 2648 1261 2706 si
1291 2647 1371 2706 ad
1400 2666 1633 2706 merces
1744 2649 1978 2726 opinor,
2019 2648 2086 2706 in
2137 2648 2385 2707 casibus
2441 2648 2776 2708 ordinariis
2839 2615 3018 2728 (Arg.

1741 2749 1818 2789 ex
1861 2729 1992 2787 LL.
2035 2729 2090 2804 3,
2135 2731 2190 2802 4,
2236 2731 2290 2804 5,
2349 2729 2443 2787 De
2501 2729 2818 2808 Legibu8);
2875 2749 3018 2788 nam

359 2809 746 2884 vulneratu8,
794 2810 1105 2886 impensas
1148 2809 1209 2864 in
1254 2808 1523 2867 medicos
1552 2807 1635 2866 fe—

359 2890 517 2948 cerit
562 2888 659 2966 (L.
688 2888 784 2960 62,
816 2893 873 2946 Ῑι.
905 2895 989 2966 t.,·
1030 2889 1225 2966 linge,
1259 2886 1477 2953 XXX.
1510 2889 1631 2965 31);

360 2969 459 3028 vel
502 2969 826 3046 pecuniam
870 2989 1055 3044 quam
1098 2967 1178 3026 ad
1222 2987 1321 3026 res
1377 2987 1634 3028 commu-

360 3069 469 3107 nes
507 3049 954 3126 comparandas
998 3068 1205 3108 secum
1248 3047 1506 3122 ferebat,
1533 3048 1632 3108 vel

358 3129 509 3204 quid
553 3127 723 3186 aliud
767 3129 1061 3205 perdidit,
1093 3129 1289 3205 (cit.§
1336 3127 1631 3206 Quidam)

356 3211 412 3268 si
455 3209 607 3283 quid
651 3209 997 3268 indebitum
1040 3209 1225 3267 alicui
1274 3208 1466 3266 solvit
1502 3209 1557 3266 b.
1588 3209 1631 3266 f.

358 3289 663 3360 (Zac-har..
708 3289 843 3360 381,
894 3309 954 3347 n.
1018 3291 1086 3362 43
1143 3287 1633 3362 Mazzo.,-1ust.,

359 3368 435 3443 V,
479 3369 599 3448 62),
647 3369 699 3427 si
745 3370 975 3428 iniuria
1020 3369 1246 3427 iudicis
1296 3369 1631 3427 damnatus

356 3449 480 3507 fuit
526 3449 623 3526 (L.
667 3449 765 3520 63,
810 3451 1008 3520 anm.
1066 3449 1169 3506 Ad
1226 3448 1531 3522 ultimum,
1577 3450 1629 3506 si

354 3549 431 3588 ex
474 3529 844 3602 conditione,
890 3530 1093 3588 adhue
1144 3529 1453 3606 pendente
1512 3547 1631 3602 quo

356 3614 629 3686 tempore
674 3610 940 3668 societas
984 3610 1371 3683 dissolvitur,
1416 3609 1523 3667 uni
1554 3627 1630 3666 ex

354 3691 539 3748 sociis
582 3689 993 3748 obventurum
1045 3692 1133 3747 sit
1186 3689 1423 3763 aliquid
1480 3707 1631 3746 eom-

354 3770 516 3828 modi
560 3769 657 3827 vel
703 3769 1083 3842 ineoinmodi,
1129 3770 1204 3827 de
1259 3769 1371 3827 hoc
1428 3769 1505 3827 ab
1560 3789 1629 3827 eo

354 3851 597 3924 asteria,
644 3849 743 3907 vel
794 3852 851 3907 ei
908 3871 943 3907 a
999 3851 1227 3908 ceteris
1282 3849 1628 3908 cavendum

352 3931 477 3988 erit
514 3929 669 4007 (LL.
715 3930 808 4001 27,
841 3930 934 4005 38,
968 3931 1061 3994 52,
1094 3930 1171 3986 68
1203 3932 1233 4002 ξ
1265 3930 1397 4004 ult.,
1427 3930 1626 4004 Eod.).

362 4009 586 4082 Cama,
630 4029 808 4067 secus
854 4011 915 4066 in
958 4011 1270 4068 occasione
1306 4010 1627 4067 societatis

352 4090 643 4148 damnum
700 4109 923 4166 passus
978 4091 1065 4148 sit
1122 4089 1219 4166 (L.
1277 4091 1371 4162 61,
1417 4091 1447 4162 ,8
1492 4088 1624 4161 ult.,

352 4174 411 4228 Ῑι.
454 4175 527 4246 t.,·
568 4169 665 4226 Ex
724 4168 790 4228 C.
839 4167 931 4244 G„
1000 4170 1185 4242 185‘>;
1244 4169 1345 4244 It.,
1388 4167 1625 4234 1716).

350 4255 425 4307 ut
467 4268 607 4308 ecce
646 4251 716 4322 si,
749 4249 941 4307 dum
926 4271 989 4307 ιιι
1022 4252 1275 4322 necocia
1306 4215 1626 4308 societatis

350 4329 671 4403 incumbit,
718 4348 831 4387 sua
874 4329 1168 4406 neglexit,
1214 4328 1626 4388 heredita-tem

350 4409 563 4468 amisit
587 4375 718 4486 (cit.
746 4409 955 4482 §ultq
990 4409 1048 4468 S.
1073 4408 1278 4486 Alph„
1304 4409 1429 4468 III.
1450 4411 1623 4486 905),

350 4491 420 4563 si,
466 4489 613 4553 dum
672 4471 995 4546 societatis
1064 4507 1252 4548 causa
1310 4492 1433 4546 itei
1489 4509 1565 4564 ag„
1546 4509 1626 4548 re-

349 4571 474 4643 bat,
520 4569 597 4627 ab
641 4569 889 4626 inimico
931 4587 1042 4626 sno
1086 4589 1303 4628 caesus
1345 4568 1469 4626 fuit.
1501 4541 1621 4626 (Ιῧκ

350 4651 421 4706 L.
446 4649 539 4722 28,
567 4651 597 4723 ξ
632 4649 879 4726 CuIJme,
902 4649 1119 4708 Locati
1135 4666 1159 4721 ‚⁶
1184 4649 1377 4726 LugO,
1404 4649 1621 4721 XXX,

1742 2811 1807 2867 in
1852 2809 2387 2884 extraordinariis,
2433 2814 2507 2867 ut
2529 2815 2684 2886 puta
2707 2811 2760 2868 si
2785 2811 3020 2887 pericu—

1742 2890 1932 2948 losam
1976 2909 2220 2966 operam
2278 2894 2562 2966 praestat
2620 2890 2704 2966 (v.
2749 2910 2820 2964 c.,
2863 2892 3021 2967 peri-

1742 2969 2010 3029 culosam
2040 2970 2540 3047 navigationem,
2585 2975 2697 3027 aut
2746 2971 3014 3029 laborem

1742 3049 2095 3109 valetudini
2158 3050 2450 3128 noxium),
2517 3055 2629 3108 aut
2690 3051 3015 3128 insignem,

1742 3149 1964 3202 raram,
2037 3129 2384 3206 perutilem.
2455 3131 2591 3188 eius
2662 3132 3015 3190 aestimatio

1742 3210 1968 3268 recidit
2013 3211 2078 3267 in
2120 3210 2452 3267 arbitrium
2503 3211 2644 3268 boni
2689 3211 2828 3268 viri.

1821 3290 1950 3367 (40)
1994 3289 2061 3348 C.
2107 3289 2199 3363 G„
2249 3289 2420 3362 1862,
2469 3289 2640 3364 1863,
2674 3289 2858 3364 1864;
2903 3291 3006 3366 It„

1744 3371 1915 3444 1727,
1985 3370 2156 3426 1728.
2221 3369 2509 3430 Creditor
2564 3374 2772 3428 autem
2836 3373 3018 3430 socio-

1740 3470 1876 3508 rum
1921 3451 1998 3508 ab
2041 3469 2404 3526 unoquoque
2462 3451 2704 3508 viritim
2757 3453 3011 3528 repetit,

1738 3529 1890 3588 licet
1931 3529 2349 3605 inaequaliter
2390 3529 2772 3588 contulerint
2801 3530 2893 3608 (O.
2919 3531 3012 3606 G„

1743 3610 1929 3683 18623
1975 3610 2079 3684 It.,
2127 3610 2325 3686 1727).

1821 3691 1948 3768 (41)
1993 3689 2060 3748 C.
2106 3689 2198 3764 G„
2247 3691 2432 3763 184ος
2490 3690 2591 3759 It„
2639 3691 2812 3750 1704.
2863 3690 3014 3750 Con-

1739 3777 1840 3829 tra
1884 3769 1956 3827 L.
2001 3769 2095 3843 32,
2156 3773 2188 3844 ξ
2244 3769 2337 3844 24,
2403 3771 2496 3828 De
2559 3773 2787 3830 Donat.
2853 3775 3015 3831 inter

1738 3852 1855 3908 vir.
1898 3855 1952 3907 et
1995 3867 2172 3907 vator.

1820 3931 1946 4007 (42)
1990 3929 2122 3987 LL.
2169 3931 2220 4003 1,
2265 3931 2319 4003 2,
2365 3933 2424 3987 h.
2467 3935 2508 3986 t.
2534 3948 2560 4006 ,·
2601 3930 2669 3988 C.
2701 3931 2802 4006 It.,
2837 3932 3010 4005 1701;

1738 4009 1807 4067 C.
1851 4010 1944 4084 G„
1993 4009 2165 4067 1837.
2233 4009 2805 4085 Communicamur,
2847 4011 3012 4070 idest

1735 4088 1902 4148 fiun't
1941 4091 2305 4148 communia.

1818 4171 1946 4246 (43)
1989 4169 2056 4227 G.
2116 4169 2210 4242 Gn,
2273 4169 2458 4244 1837;
2512 4170 2614 4244 It„
2677 4171 2848 4229 1701.
2903 4173 3013 4232 Ut-

1735 4256 1890 4326 puta
1933 4269 2008 4308 ex
2052 4249 2402 4324 donatione,
2446 4250 2816 4323 hereditate,
2849 4251 3008 4328 lega·

1738 4331 1851 4388 tis:
1911 4335 2128 4388 contra-
2190 4330 2321 4387 LL.
2379 4331 2434 4404 3,
2499 4332 2591 4403 74,
2658 4335 2717 4389 le.
2774 4336 2815 4390 t.
2880 4331 3012 4390 Neo

1734 4410 1906 4468 aliud
1971 4411 2204 4486 pacisci
2251 4411 2690 4486 =permittitur:
2761 4412 2891 4486 sed,
2955 4414 3006 4469 si

1732 4490 1904 4549 aliud
1949 4492 2328 4564 convenerit,
2355 4495 2564 4548 utrum
2607 4496 2856 4568 pactum
2903 4514 3010 4569 pro

1732 4591 1854 4628 non
1900 4571 2134 4647 scripto
2157 4571 2259 4644 sit,
2285 4590 2364 4627 an
2381 4573 2578 4642 ‘vitiet
2599 4577 3007 4646 contractum,

1734 4650 1900 4709 inter
1944 4651 1995 4709 I.
2040 4649 2108 4708 O.
2151 4671 2274 4708 non
2317 4653 2648 4725 convenit,
2706 4651 2815 4710 sed
2873 4654 3008 4710 iure

1732 4737 1944 4790 nostro
1991 4731 2245 4789 videtur
2286 4751 2395 4809 pro
2439 4751 2558 4790 non
2591 4733 2824 4810 scripto
2854 4751 3007 4791 esse.
