3584 5350
894 391 1227 438 APPENDIX
1256 391 1327 438 11.
1371 393 1458 438 nn
1500 393 1768 440 Aornum
1813 392 2450 440 INTERPRETATIONE
2900 380 3018 440 275

482 543 631 606 330.
682 541 1140 624 Indivisibice,
1188 559 1308 608 seu
1355 543 1587 625 potius
1632 543 2098 629 individuum,
2163 543 2304 610 lata
2344 545 2867 630 significatione,
2915 547 3014 610 di·

348 647 527 714 citur
571 649 834 731 aliquid
882 667 977 731 re,
1032 650 1393 734 solutione,
1456 649 1836 716 contractu.
1900 648 2016 734 Re,
2079 652 2138 715 si
2187 652 2375 737 haec,
2445 669 2534 716 ne
2595 652 3014 734 cogitatione

347 755 647 837 quidem,
682 756 900 821 dividi
950 755 1189 840 potest,
1236 773 1355 822 seu
1405 757 1675 841 natura,
1723 773 1842 822 seu
1891 759 2077 843 lege,
2129 757 2205 822 ut
2252 757 2548 823 servitus
2580 759 2754 841 viae,
2803 758 3018 840 hypo-

320 851 567 927 'theca
616 860 980 949 Solutione,
1017 864 1085 928 si
1136 861 1557 945 cogitatione
1604 865 1883 946 quidem
1931 865 2148 930 dividi
2198 864 2440 947 potest,
2490 866 2608 930 sed
2656 882 2800 942 non
2854 866 3020 947 phy·

348 971 517 1034 sice:
566 970 954 1035 cuiusmodi
1001 987 1085 1036 ea
1129 971 1312 1056 sunt,
1360 987 1536 1054 quae
1583 989 1672 1036 ex
1720 973 1997 1054 propria
2043 971 2267 1038 forma
2313 971 2652 1054 constant,
2723 988 2845 1037 seu
2909 989 3012 1036 res

348 1076 507 1160 sint,
558 1074 635 1142 ut
683 1093 837 1162 vas;
886 1094 1005 1142 seu
1054 1095 1227 1160 opus
1273 1079 1571 1163 aliquod,
1633 1078 1713 1143 ut
1768 1079 1958 1165 puta,
2023 1080 2308 1145 domum
2364 1079 2768 1144 aedificare:
2831 1097 3016 1164 nam,

272 1234 282 1243 .
348 1187 509 1248 cum
554 1181 913 1268 formasit
958 1201 1135 1266 quae
1182 1183 1300 1250 dat
1346 1201 1491 1250 esse
1536 1186 1656 1266 rei,
1704 1187 1764 1250 si
1812 1187 1982 1251 haec
2030 1185 2104 1250 in
2149 1185 2303 1250 illis
2348 1187 2688 1251 divisione
2745 1185 3019 1250 mutata

350 1289 578 1375 fuerit,
626 1289 803 1373 perit
850 1293 947 1356 rei
994 1291 1384 1358 substantia
1429 1292 1603 1375 (22):
1653 1293 1729 1357 in
1777 1292 1910 1378 his,
1957 1293 2091 1358 nisi
2169 1291 2470 1374 perfecta
2515 1291 2675 1376 sint,
2740 1293 3018 1375 propria

349 1396 572 1461 forma
618 1397 821 1479 (quae
863 1397 963 1463 eis
1010 1415 1099 1463 ex
1144 1400 1739 1465 consummatione
1785 1400 2155 1482 contingit)
2203 1401 2434 1464 deesse
2503 1401 2778 1466 videtur
2839 1400 3013 1482 (23):

348 1502 521 1584 ide0,
570 1503 704 1568 nisi
754 1503 1027 1587 integra
1072 1507 1344 1589 dentur,
1392 1521 1532 1570 non
1579 1504 1856 1571 videtur
1888 1504 2215 1587 praestari
2253 1507 2430 1587 quod
2468 1507 2541 1570 in
2588 1506 3011 1588 obligatione

348 1608 452 1673 est
484 1608 647 1689 (24).
706 1607 1092 1694 Contracta,
1137 1628 1259 1677 seu
1307 1612 1535 1694 potius
1566 1609 2028 1704 destinatione
2061 1611 2603 1698 patrisfamiliae,
2637 1614 3018 1696 quod-phy-

348 1715 484 1781 sice
531 1732 799 1797 quoque
845 1716 1067 1781 dividi
1112 1717 1355 1800 potest,
1404 1719 1543 1801 sed,
1591 1718 1723 1783 nisi
1752 1717 1978 1783 totum
2010 1720 2230 1804 detur,
2263 1719 2384 1784 aut
2417 1719 2758 1784 inutiliter
2790 1718 3014 1803 datur,

346 1821 470 1886 aut
515 1821 707 1888 aliud
754 1823 902 1888 dari
951 1822 1261 1910 videtur,
1311 1825 1389 1891 ut
1433 1841 1595 1890 area
1641 1825 1876 1891 domui
1927 1825 2412 1911 aedificandae,
2461 1843 2584 1908 par
2630 1827 2861 1910 boum,
2889 1843 3013 1907 par

348 1945 679 2018 equorum
728 1931 886 2014 (25),
935 1933 1059 1996 etc.
1107 1930 1350 2015 Itaque
1396 1933 1452 1997 si
1502 1933 1734 2015 plures
1792 1931 1935 1997 sint
1996 1934 2342 1998 huismodi
2392 1950 2622 1999 rerum
2693 1935 2800 1998 vel
2867 1950 3018 2015 ope·

348 2051 504 2099 rum
550 2037 937 2122 creditores,
985 2037 1281 2120 singulis
1330 2036 1573 2122 totum,
1622 2040 1741 2104 sed
1789 2055 1932 2103 non
1980 2037 2283 2104 totaliter
2353 2040 2676 2124 debetur3
2739 2025 2848 2104 sin
2911 2040 3019 2104 de-

352 2141 624 2228 bitoreS,
672 2143 932 2226 singuli
982 2142 1227 2229 totum,
1263 2145 1393 2208 -sed
1440 2160 1582 2209 non
1630 2143 1936 2212 totaliter
1982 2144 2235 2211 debent
2279 2147 2439 2227 (26).

1388 2347 1854 2416 APPENDIX
1900 2350 1989 2415 H.

1104 2502 1199 2553 nn
1246 2501 1549 2555 aornim
1596 2502 2314 2557 mrassrssn'ra'rionss.

482 2623 630 2716 331.
683 2649 873 2730 Quae
918 2650 1092 2717 alias
1138 2649 1287 2716 dixi
1333 2652 1419 2717 de
1443 2651 2013 2735 interpretatione
2045 2653 2304 2738 legum,
2336 2652 2478 2717 fere
2509 2603 2748 2719 omnia
2776 2654 2848 2720 et
2876 2656 3012 2720 huc

348 2757 688 2843 spectant,
736 2758 991 2841 quippe
1036 2756 1233 2823 actus
1279 2758 1429 2823 iure
1479 2758 1655 2844 initi,
1704 2760 1835 2844 his,
1884 2760 1972 2824 ad
2020 2776 2190 2842 quos
2236 2760 2608 2843 pertinent,
2664 2760 2882 2827 instar
2925 2763 3014 2827 le—

347 2880 516 2947 gum
562 2862 757 2929 sunt:
806 2858 962 2930 heic
1010 2863 1225 2947 igitur
1270 2866 1508 2947 paucis
1554 2881 1782 2947 agam.
1834 2864 2182 2952 Principio
2230 2864 2466 2959 igitur,
2513 2867 2744 2933 actum
2811 2867 3012 2932 inter-

348 3010 529 3096 sunt3
574 3019 713 3079 Caii
742 3025 951 3081 autem
978 3021 1239 3082 heredes
1267 3041 1477 3081 omnes
1499 3023 1628 3099 qui-

1736 3042 1954 3099 nempe
1971 3024 2118 3098 quia
2134 3042 2234 3081 res
2257 3022 2627 3083 divisionem
2641 3044 2764 3082 non
2787 3026 3013 3101 recipit

348 3100 485 3159 dem
528 3100 702 3176 3000,
750 3122 965 3161 verum
1008 3102 1241 3181 singuli
1285 3102 1404 3161 500
1460 3101 1629 3161 dum·

1737 3102 1996 3181 (Molin.,
2030 3104 2122 3161 De
2162 3106 2355 3161 divid.
2399 3108 2454 3161 et
2495 3106 2782 3178 individ„
2823 3103 2893 3161 P.
2919 3104 3008 3179 II,

348 3185 531 3239 taxat
571 3180 904 3261 debebunt.
936 3182 1191 3241 Scilicet
1221 3184 1359 3241 iura
1388 3188 1453 3242 et
1481 3183 1626 3241 obli-

346 3262 634 3339 gationes
677 3260 978 3337 defuncti,
1036 3263 1286 3339 integra
1350 3264 1413 3321 in
1458 3263 1624 3321 here-

347 3340 613 3399 ditatem
656 3345 1023 3401 transeunt:
1088 3361 1306 3401 verum
1361 3340 1623 3401 heredes

346 3440 459 3498 pro
505 3423 793 3498 partibus
842 3422 1173 3481 dumtaxat
1221 3422 1623 3482 hereditariis

348 3500 633 3579 defuncti
674 3520 1002 3579 personam
1044 3506 1541 3579 repraesentant.

429 3580 557 3660 (32)
614 3580 689 3639 L.
746 3584 801 3657 9,
847 3582 885 3660 ξ
916 3581 987 3641 Si
1026 3586 1186 3661 quia,
1233 3585 1332 3641 Ad
1394 3585 1621 3642 Eoehib.

348 3659 439 3719 Ut
482 3668 714 3737 statua,
758 3682 973 3737 equuS,
1019 3682 1133 3721 vas
1202 3661 1269 3721 O.
1314 3661 1406 3737 G„
1450 3664 1621 3739 12173

346 3738 451 3815 It.,
498 3740 683 3817 1202;
728 3742 805 3801 V.
849 3740 917 3801 G.
955 3742 1095 3817 Au„
1139 3742 1178 3799 8
1262 3742 1302 3820 ).

427 3820 531 3899 (23
621 3822 693 3880 L.
753 3822 843 3897 10,
909 3822 949 3899 ξ
996 3824 1049 3897 1,
1105 3826 1202 3880 Ad
1264 3824 1337 3879 L.
1407 3824 1625 3899 Falc.;

347 3898 397 3959 C
455 3946 468 3959 .
512 3822 589 3960 ὲ.
636 3907 703 3960 et
743 3900 845 3977 It„
891 3905 959 3960 ll.
1003 3921 1082 3960 cc,

427 3981 555 4058 (24)
599 3982 672 4039 L.
716 3982 771 4055 2,
803 3982 934 4059 §23
985 3982 1115 4039 LL.
1160 3982 1254 4057 72,
1302 3982 1396 4058 85,
1430 3982 1623 4061 §Pro

374 4066 577 4137 parte,
622 4062 717 4120 De
773 4063 833 4121 V.
886 4062 951 4120 O.

427 4140 556 4220 (25)
600 4142 673 4199 L.
716 4142 811 4210 38,
863 4142 903 4219 ξ
934 4140 1008 4201 Εἰ
1060 4144 1222 4218 forte
1263 4145 1330 4201 iu.

349 4221 596 4279 Aedilit.
639 4224 857 4299 edict.;
879 4221 948 4281 C.
972 4222 1065 4295 G„
1097 4222 1280 4297 12183
1312 4162 1413 4298 ff„
1448 4224 1621 4283 1202.

347 4299 528 4376 Item,
574 4302 627 4359 si
670 4299 791 4361 duo
833 4302 985 4361 mihi
1017 4302 1201 4360 simul
1223 4304 1625 4379 promiserint

346 4386 597 4439 centum
640 4380 720 4439 ad
762 4381 1085 4459 praedium
1134 4383 1477 4457 emendum,
1521 4382 1623 4442 vel

327 4460 776 4520 'redimendum
818 4462 913 4541 (O.
958 4462 1059 4538 It.,
1108 4463 1278 4536 1205,
1322 4463 1404 4543 3).
1448 4462 1623 4522 Haec

346 4542 611 4599 materia
640 4543 1113 4601 abstrusissima
1136 4548 1234 4601 est
1258 4541 1378 4619 (Cf.
1403 4543 1621 4618 Τοι]11.,

347 4619 461 4696 VI,
507 4620 639 4697 782,
684 4623 847 4701 etc.).

428 4700 557 4779 (26)
601 4702 673 4760 L.
716 4702 812 4778 32,
836 4703 1060 4779 Dep08.
1077 4720 1103 4779 ,·
1145 4702 1219 4761 L.
1261 4703 1357 4779 85,
1383 4702 1423 4781 ξ
1455 4704 1623 4777 1,De

362 4780 423 4838 1⁷.
460 4781 526 4839 Ο.
540 4798 569 4858 ,·
596 4780 796 4859 Poth.,
830 4784 1079 4861 Obbziy„
1101 4782 1141 4861 ἓ
1168 4782 1360 4841 325.-
1388 4784 1621 4859 Totum,

1392 4162 1496 4218 tm,
1529 4145 1622 4201 De
1654 4194 1657 4199 .

1735 3204 1797 3241 n.
1842 3184 1962 3261 22).
2005 3181 2144 3241 Hac
2187 3202 2271 3259 re,
2329 3186 2388 3240 1⁰
2433 3186 2542 3258 qui
2592 3186 2839 3261 accipit,
2898 3190 3012 3243 aut

1733 3262 1941 3331 solvit,
1985 3265 2214 3322 ceteris
2243 3265 2672 3339 communicat,
2705 3285 2740 3322 a
2782 3266 3011 3323 ceteris

1731 3344 1968 3420 repetit
2017 3343 2115 3421 (L.
2165 3344 2219 3418 2,
2273 3344 2388 3421 ἓ2,
2433 3344 2512 3401 D.
2581 3347 2639 3401 κ’.
2678 3344 2803 3422 Ο.);
2847 3344 2912 3401 2⁰
2955 3346 3010 3403 si

1732 3441 1896 3481 unus
1939 3442 2014 3481 ex
2064 3424 2478 3482 creditoribus
2515 3424 2794 3482 debitum
2837 3426 3010 3481 remi-

1732 3503 1906 3577 serit,
1953 3502 2050 3561 vel
2107 3504 2214 3561 uni
2267 3522 2343 3561 ex
2386 3502 2773 3562 debitoribus
2803 3504 3010 3563 remis-

1732 3602 1870 3641 sum
1911 3581 2121 3657 fuerit,
2167 3602 2267 3641 res
2309 3584 2528 3658 utique
2587 3588 2717 3643 tota
2781 3586 3008 3643 ceteris

1732 3662 2079 3738 debebitur,
2125 3662 2293 3722 vela
2343 3665 2570 3722 ceteris
2614 3663 2870 3742 (Molin,
2935 3662 3006 3722 P.

1732 3741 1859 3818 ΙΙΙ,
1904 3743 2053 3817 289,
2077 3743 2277 3817 Poth.,
2311 3744 2555 3821 Obbliy„
2575 3744 2750 3821 238);
2782 3744 2892 3802 sed
2920 3764 3007 3803 re-

1732 3822 1872 3881 fuso
1916 3825 2116 3900 pretio
2158 3824 2294 3881 eius
2335 3825 2538 3900 partis
2583 3826 2689 3898 qui
2746 3825 3004 3899 remisit,

1733 3902 1834 3961 vel
1877 3904 1978 3961 cui
2022 3905 2347 3961 remissum
2389 3911 2488 3961 ost
2517 3904 2617 3981 (L.
2648 3905 2700 3979 2,
2754 3904 2868 3981 §3,
2913 3906 3006 3963 De

1748 3984 1807 4041 V.
1847 3983 1971 4060 0.):
2003 3982 2264 4057 demum,
2309 3983 2371 4041 3⁰
2415 3985 2464 4041 si
2520 3990 2752 4043 novata
2781 3983 3009 4061 obliga-

1734 4064 1917 4135 tione,
1962 4065 2326 4122 convenerit
2367 4064 2538 4122 aliud
2561 4065 2698 4123 dari
2729 4064 2890 4139 quod
2921 4065 3007 4123 di-

1732 4144 2032 4201 visionem
2075 4144 2316 4220 recipit,
2374 4151 2489 4202 aut
2528 4164 2629 4202 res
2659 4144 3007 4203 deducatur

1733 4223 1814 4282 ad
1853 4226 1922 4283 id
1963 4226 2125 4301 quod
2167 4225 2434 4298 interest,
2460 4226 2722 4300 quisque
2765 4225 3005 4283 viritim

1732 4305 1914 4380 petit,
1979 4304 2220 4362 viritim
2277 4303 2468 4362 solvit
2530 4304 2629 4381 (L.
2693 4306 2786 4377 25,
2858 4304 2898 4381 ξ
2949 4305 3003 4375 9,

1733 4385 1963 4442 Famc'l.
2005 4384 2269 4463 erclen.);
2314 4386 2528 4459 itaque
2583 4386 2634 4441 si
2703 4392 2832 4441 tres
2889 4383 3006 4441 tibi

1733 4483 1975 4538 equum,
2020 4482 2071 4521 e.
2115 4483 2184 4537 c.,
2253 4464 2670 4537 vendiderint,
2735 4464 2842 4537 qui
2907 4484 3009 4521 an-

1734 4548 1984 4618 tequam
2008 4543 2366 4602 traderetur
2383 4544 2569 4602 unius
2585 4544 2767 4620 culpa
2797 4545 3008 4620 periit,

1733 4624 1942 4698 ceteri,
2000 4622 2226 4681 nedum
2282 4624 2440 4681 nihil
2495 4630 2839 4701 praestant,
2897 4624 3006 4683 sed

1732 4705 2020 4780 pretium,
2051 4704 2323 4761 nondum
2364 4703 2526 4762 forte
2569 4705 2856 4779 solutum,
2887 4706 3010 4761 exi-

1732 4787 1887 4861 gent
1929 4782 2153 4863 (Poth.,
2207 4784 2452 4863 Obbliq,
2498 4784 2714 4863 §273).
