3584 5350
649 354 877 399 smcrro
905 355 948 399 1.
971 356 1245 423 -vciu’u'r
1271 356 1344 399 11.
1375 356 1461 399 DE
1488 356 1868 408 QUIBUSDAM
1900 357 2420 401 VENDITIONIBUS
2449 357 2802 401 spncm'rm
2943 342 3059 399 395

397 520 586 570 more
633 504 793 570 boni
844 503 1362 587 patrisfamilias
1408 504 1543 587 (8):
1608 507 1728 569 sed
1786 522 1931 570 non
1999 506 2404 587 prohibetur
2469 504 2671 571 alteri
2744 507 3058 591 vendere,

395 608 770 677 dummodo
816 610 1154 675 retractus
1198 613 1577 693 emptorem
1624 611 2015 677 admoneat.
2065 612 2429 679 Retractus
2489 611 2724 677 autem
2785 612 3059 678 divisio·

397 734 553 783 nem
602 735 742 783 non
791 718 1053 803 recipit,
1100 717 1317 784 altero
1363 720 1587 784 invito
1634 708 1771 805 (9),
1820 718 2268 801 quamobrem
2313 718 2372 787 si
2402 721 2635 802 piures
2666 720 3060 785 venditores

394 824 673 905 fuerint,
722 825 791 887 et
839 840 1020 889 unus
1070 825 1339 889 tantum
1386 825 1724 891 redimere
1769 826 1958 904 velit,
2008 825 2679 899 conveniredebent
2725 824 2804 889 ut
2835 825 3056 892 totum
3105 838 3110 841 ·

394 930 741 1013 redimant
786 929 967 1017 (10),
1016 931 1124 995 sin
1171 932 1401 1013 plures
1444 930 1808 1016 emptores,
1858 932 2146 1015 quisque
2193 934 2346 1015 cogi
2395 931 2618 1014 potest
2663 948 2860 998 suam
2905 950 3060 1015 par-

396 1036 535 1103 tem
583 1038 943 1104 restituere
991 1038 1153 1121 (11).
1205 1038 1338 1103 Sed
1383 1039 1644 1104 retrahi
1690 1040 1952 1122 nequit,
2001 1040 2136 1104 nisi
2183 1038 2503 1105 restituto
2565 1040 2756 1122 prius
2818 1040 3058 1133 preti0,

394 1148 463 1211 et
494 1145 889 1212 contractus
920 1147 1261 1231 expensis,
1293 1148 1363 1212 et
1394 1144 1729 1228 quidquid
1761 1149 2115 1242 praeterea
2145 1149 2413 1230 emptor
2449 1148 2521 1212 in
2550 1164 2692 1212 rem
2719 1148 3062 1229 impendit
3175 1204 3192 1225 ,

394 1253 795 1337 necessarie,
834 1254 952 1337 ‚vel
1001 1252 1266 1317 utiliter
1313 1253 1492 1340 (12);
1538 1268 1786 1335 nempe
1834 1254 2028 1336 quasi
2077 1255 2142 1318 b.
2190 1254 2236 1319 f.
2287 1254 2674 1335 possessori.
2730 1255 3058 1335 Retraotu

394 1359 703 1445 sequuto,
753 1374 893 1425 non
942 1376 1193 1425 novam
1241 1360 1713 1424 venditionem
1760 1352 2098 1444 contrahi,
2147 1362 2266 1427 sed
2313 1360 2611 1444 priorem
2664 1354 3094 1427 conditione

396 1467 665 1550 resolvi,
714 1468 951 1531 verius·
992 1466 1103 1532 est.
1142 1465 1318 1551 (13),
1366 1467 1521 1532 ideo
1567 1466 1625 1530 si
1674 1467 1838 1548 quid
1887 1466 2116 1533 medio
2175 1465 2482 1549 tempore
2544 1467 2885 1533 commodi
2949 1469 3058 1533 vel

396 1574 835 1639 incommodi·
864 1574 963 1639 rei
1010 1575 1316 1659 accessit,
1365 1576 1453 1639 ad
1499 1573 1965 1640 retrahentem
2014 1574 2315 1656 pertinet
2359 1574 2541 1661 (14),
2588 1576 2648 1641 si
2695 1592 2870 1657 quae
2921 1592 3057 1641 ser·

393 1682 580 1747 vitus
612 1680 955 1769 imposita,
988 1684 1095 1748 vel
1123 1681 1514 1765 hypotheca
1536 1682 1701 1768 (15),
1728 1682 1785 1745 si
1812 1683 2078 1764 emptor
2103 1698 2246 1747 rem
2273 1670 2628 1767 alienavit,
2654 1684 2890 1748 omnia
2914 1682 3058 1767 (16)
3137 1670 3142 1677 ’

394 1789 834 1855 evanescunt.
886 1790 1017 1854 Sed
1064 1787 1347 1873 fructus,
1397 1805 1567 1870 quos
1611 1788 1882 1870 emptor
1927 1790 2152 1855 medio
2201 1781 2506 1871 tempore
2551 1788 2876 1874 percepit,
2918 1806 3060 1854 non

394 1894 717 1981 restituit,
766 1896 1019 1979 quippe
1064 1896 1216 1960 iure
1261 1895 1552 1961 dominii
1600 1912 1759 1960 suos
1806 1893 2003 1960 fecit:
2067 1896 2524 1961 nihilominus
2582 1895 2850 1961 fructus
2910 1896 3060 1961 eius

393 2003 564 2068 anni
612 2016 747 2085 quo
794 2020 899 2068 res
946 2004 1157 2088 venit,
1204 2003 1274 2068 et
1320 2004 1470 2069 eius
1514 2020 1652 2085 quo
1697 2003 2098 2087 retrahitur,
2145 2003 2363 2067 dividi
2399 2020 2520 2084 pro
2551 2002 2704 2068 rata
2733 2002 3060 2085 temporis

394 2125 691 2191 aequum
741 2110 845 2174 est
893 2108 1057 2193 (17).

530 2217 676 2281 462.
726 2216 860 2281 Res
908 2218 1215 2303 mobiles,
1264 2216 1665 2299 praesertim
1714 2234 1996 2301 merces,
2043 2216 2244 2282 aliter
2289 2215 2359 2281 et
2403 2217 2608 2282 aliter
2665 2217 2903 2282 venire
2961 2234 3059 2283 so-

393 2325 559 2389 lent.
609 2323 967 2389 Interdum
1019 2324 1165 2390 tota
1211 2341 1330 2389 res.
1367 2325 1691 2389 venditur
1735 2323 2093 2391 aversione
2140 2322 2262 2405 (ad
2299 2325 2596 2414 corpus),
2629 2340 2771 2389 uno
2803 2324 3055 2405 pretio:

397 2430 744 2497 interdum
792 2432 891 2496 rei
938 2427 1095 2513 pa'rs
1141 2432 1231 2496 ad
1293 2432 1581 2517 pondus,
1645 2432 1751 2497 vel
1825 2445 2212 2515 numerum,
2283 2432 2390 2497 vel
2462 2447 2893 2516 mensuram,
2963 2431 3060 2496 in-

394 2536 666 2604 terdum
716 2538 865 2604 tota
908 2538 1209 2623 quidem,
1257 2539 1372 2603 sed
1420 2538 1641 2620 pretio
1688 2538 1763 2603 in
1811 2539 2124 2620 singulas
2171 2554 2552 2621 mensuras,
2621 2538 2771 2622 ete,
2813 2537 3060 2603 consti-

396 2646 563 2711 tuto.
616 2642 814 2711 Prior
858 2646 1167 2711 venditio
1213 2662 1388 2728 pura
1431 2644 1553 2732 est,
1602 2644 1821 2711 altera
1866 2646 1996 2710 sub
2041 2644 2436 2711 conditione
2484 2643 2628 2728 (18)
2676 2644 2822 2710 fieri
2867 2644 3059 2710 intel·
3123 2709 3130 2718 ,

394 2750 670 2836 ligitur:
721 2753 873 2818 ideo
900 2753 1107 2818 illius
1138 2754 1519 2835 periculum
1554 2753 1790 2818 statim
1823 2754 1911 2817 ad
1943 2752 2317 2834 emptorem
2357 2750 2605 2816 transit
2637 2749 2817 2837 (19);
2851 2751 3062 2818 huius

393 2876 603 2942 penes
648 2859 1075 2925 venditorem
1143 2857 1473 2944 remanet,
1535 2861 1763 2941 quoad
1831 2876 1940 2924 res
2007 2857 2500 2942 adnumerata,
2555 2875 2879 2942 appensa,
2947 2859 3060 2924 ad-

392 3075 498 3130 cet
558 3069 661 3149 (V.
726 3071 921 3148 Lago,
988 3069 1238 3145 XXVI,
1306 3069 1436 3144 184,
1499 3071 1669 3149 199);

393 3151 539 3210 dum
583 3171 660 3209 ne
703 3155 885 3227 pacto
912 3149 1130 3209 foenus
1160 3150 1450 3209 illicitum
1472 3151 1671 3209 lateat

394 3231 519 3309 (Ex
562 3231 635 3289 L:
679 3232 733 3306 3,
778 3229 847 3289 G.
888 3233 1052 3289 Plus
1092 3233 1215 3290 val.
1258 3234 1423 3308 quod
1474 3231 1669 3308 ayla).

442 3311 563 3390 ·(8)
606 3311 706 3370 Ex
746 3311 878 3368 LL.
920 3312 1017 3386 61,
1060 3311 1155 3386 62,
1239 3311 1333 3369 De
1396 3311 1559 3390 Leq„
1614 3311 1670 3370 Ι.

500 3391 563 3470 9)
606 3390 674 3450 O.
718 3391 811 3466 G„
860 3391 1044 3465 12203
1087 3390 1189 3464 It.,
1238 3391 1409 3450 1204.

473 3393 607 3550 510)
646 3469 713 3530 G.
758 3471 860 3546 It.,
910 3471 1079 3546 1523,
1127 3472 1312 3546 1524;
1356 3471 1450 3546 G„
1496 3471 1669 3548 1668,

504 3632 601 3708 11)
645 3630 711 3690 C.
755 3631 858 3706 It.,
907 3632 1091 3705 15273
1136 3631 1229 3706 G„
1278 3633 1449 3691 1672.

503 3712 601 3788 12)
646 3710 713 3768 O.
756 3711 859 3784 It.,
907 3711 1091 3785 1528;
1142 3711 1235 3786 Gn,
1302 3712 1474 3770 1673.
1550 3715 1672 3772 Uti-

392 3794 577 3865 liter,·
620 3791 729 3848 sed
774 3791 848 3850 V.
894 3791 933 3866 ξ
976 3792 1111 3850 243.

473 3870 601 3949 (13)
645 3869 844 3944 Poth„
890 3871 1037 3944 412;
1082 3871 1306 3949 Tropl.,
1364 3873 1512 3946 693;
1571 3872 1669 3929 Ex

392 3953 466 4010 L.
516 3952 569 4024 7,
632 3952 730 4009 De
796 3953 972 4009 Pact.
1042 3953 1203 4010 inter
1268 3959 1468 4030 empt.,
1532 3955 1667 4018 ete„

392 4034 607 4090 iuncta
652 4031 725 4088 L.
772 4033 821 4104 l,
854 4032 947 4088 De
976 4035 1042 4092 in
1071 4034 1235 4090 diem
1263 4035 1490 4091 addict.
1520 4032 1670 4090 Dixi

389 4117 681 4184 retractu,
751 4111 1026 4187 ideoque,
1102 4113 1163 4168 1⁰
1224 4131 1302 4171 ex
1353 4119 1540 4189 pacto
1604 4114 1669 4170 in

390 4191 752 4251 venditione
796 4192 1037 4249 adiecto
1080 4212 1201 4250 non
1231 4213 1307 4251 ex
1338 4192 1670 4252 intervallo

392 4271 774 4350 (Tiraquell.‚
852 4274 947 4329 De
1028 4272 1295 4331 Retract.
1377 4279 1668 4347 convent„

392 4353 431 4428 ξ
477 4353 528 4425 1,
574 4351 709 4409 Glo.
753 4352 847 4428 2);
892 4357 972 4425 et,
1018 4352 1083 4408 20
1126 4353 1397 4410 nondum
1460 4352 1669 4428 elapso

394 4439 663 4507 tempore
708 4435 951 4490 statuto
1008 4431 1131 4510 (Ex
1189 4431 1257 4490 C.
1308 4429 1413 4507 'G.,
1484 4433 1668 4506 1660;

391 4511 493 4585 It.,
516 4511 697 4588 1516)
719 4513 1049 4586 utrobique
1072 4513 1237 4582 enim
1258 4533 1418 4571 nova
1442 4513 1669 4588 emptio

388 4595 457 4650 et
498 4591 779 4650 venditio
822 4591 1221 4668 intelligitur.

472 4671 601 4748 (14)
646 4670 721 4730 V.
766 4671 995 4746 Tiraq.,
1041 4679 1072 4746 ς’
1120 4673 1171 4745 1,
1216 4671 1334 4746 GL,
1395 4673 1445 4746 1,
1510 4691 1569 4729 n.
1612 4672 1666 4745 6,

390 4757 543 4826 etc.;
590 4751 665 4810 V.
708 4755 740 4827 ξ
783 4751 917 4828 309,
963 4771 1023 4809 n.
1068 4751 1162 4810 20.

2032 3069 2099 3129 C.
2144 3069 2238 3146 G„
2287 3069 2472 3144 1673;
2516 3067 2619 3144 It.,
2667 3069 2839 3128 1528.

2034 3148 2102 3208 0.
2147 3147 2240 3225 G,
2289 3149 2472 3222 1664;
2516 3149 2618 3224 It.,
2668 3149 2840 3208 1520.

1860 3071 1964 3228 {15

2034 3229 2312 3304 Zachar.,
2358 3229 2493 3296 357,
2537 3250 2598 3288 n.
2628 3216 2751 3304 '14;
2805 3230 2880 3288 V.
2939 3231 3062 3289 Du-

1890 3151 1963 3208 16

1863 3229 1965 3308 (17

1781 3315 1964 3383 rant„
2009 3308 2192 3384 XVI,
2235 3309 2386 3381 424;
2428 3307 2652 3386 Tropl„
2704 3309 2853 3383 7703
2911 3309 3062 3370 Con-

1780 3397 1883 3448 tra
1927 3391 2000 3449 L.
2043 3389 2098 3465 8,
2143 3389 2182 3468 ξ
2226 3387 2422 3464 Silva,
2477 3391 2574 3448 De
2635 3389 2700 3448 C'.
2760 3391 2834 3447 Ε.
2891 3388 3060 3463 Quid

1780 3473 1962 3545 enim,
2007 3490 2067 3528 v.
2111 3489 2180 3545 0.,
2225 3471 2279 3528 si
2323 3470 2570 3529 vineam
2614 3471 2832 3529 statim
2860 3489 2896 3528 a
2927 3471 3060 3530 vin-

1780 3551 1984 3610 demia
2026 3553 2312 3627 emptam,
2357 3550 2558 3626 pridie
2595 3549 2945 3610 vindemiae
2976 3570 3062 3609 se-

1781 3632 2036 3706 quentis
2079 3631 2227 3688 anni
2269 3631 2538 3689 redimat
2567 3630 2898 3688 venditor?
2926 3632 3062 3689 Aut

1780 3710 1984 3788 pridie
2027 3710 2378 3769 vindemiae
2433 3714 2703 3787 emptam
2759 3711 3062 3788 postridie

1780 3793 1918 3850 eius
1961 3789 2268 3850 redimat?

1863 3871 2118 3945 Rarum,
2165 3871 2274 3929 sed
2316 3890 2438 3930 non
2467 3873 2720 3946 penitus
2743 3872 3060 3930 insuetum

1780 3957 1897 4025 est,
1945 3955 2018 4009 ut
2046 3956 2298 4028 pactum
2328 3950 2781 4010 revenditionis
2810 3951 3061 4012 adiicia-

1781 4036 1890 4090 tur
1952 4032 2015 4088 in
2072 4032 2342 4108 gratiam
2410 4031 2722 4108 emptoris.
2793 4033 2879 4089 Et
2946 4032 3062 4090 hoc

1780 4129 2023 4186 quoque
2053 4111 2294 4170 licitum
2325 4131 2459 4170 esse
2491 4113 2702 4170 verius
2732 4116 2861 4186 est3
2892 4113 3061 4170 dum-

1778 4192 1956 4249 modo
2025 4189 2334 4266 aliquanti
2404 4190 2604 4268 pluris
2673 4196 2930 4266 ematur,
2995 4198 3060 4251 et

1781 4270 2166 4330 revendatur
2194 4271 2504 4346 aliquanti
2535 4273 2790 4328 minoris
2845 4272 3057 4348 (Moli.,

1780 4341 1858 4410 D.
1901 4351 2036 4423 377,
2067 4352 2136 4423 83
2168 4351 2362 4425 Less„
2408 4350 2497 4424 Π,
2530 4350 2624 4424 21,
2661 4351 2805 4424 11s;
2852 4351 2912 4410 S.
2955 4352 3060 4410 Al-

1779 4431 2014 4509 phons.,
2059 4431 2186 4504 ΙΙΙ,
2229 4431 2392 4508 819).

1862 4511 1990 4588 (18)
2033 4512 2106 4569 L.
2150 4511 2245 4582 35,
2277 4514 2308 4585 ξ
2336 4513 2416 4569 In
2461 4512 2560 4584 iis,
2602 4513 2660 4568 h.
2704 4515 2788 4585 t.,·
2837 4509 2905 4569 C.
2963 4512 3057 4587 Gn,

1785 4591 1956 4664 1585,
2005 4590 2190 4664 1586;
2234 4590 2336 4665 It.,
2386 4591 2556 4664 1450,
2607 4592 2778 4648 1451.

1863 4669 1992 4749 (19)
2034 4670 2158 4729 Cit.
2203 4671 2275 4728 L.
2326 4671 2421 4745 35,
2487 4673 2518 4746 ξ
2583 4671 2636 4743 5,
2701 4669 2796 4744 ff.;
2860 4671 2934 4728 L.
3004 4671 3058 4728 5.

1780 4751 1849 4810 O.
1879 4751 1973 4809 Dc
2000 4752 2202 4810 Per-ic.
2225 4757 2280 4810 et
2302 4769 2514 4814 comm.
2539 4752 2616 4810 R.
2654 4753 2714 4810 V.
2730 4767 2756 4827 ,·
2779 4750 3058 4826 Cit.AA,
