3584 5350
521 313 639 379 242
710 331 907 382 mnan
937 331 1035 382 111.
1066 355 1103 368 —
1128 310 1363 382 mmor.
1396 333 1467 382 11.
1496 335 1625 384 ΤῙΤ.
1655 339 1747 384 ιν.
1778 337 1865 384 nn
1893 337 2176 386 nmnms
2204 339 2288 386 m·
2316 335 2817 404 ansi-trumonis,
2847 343 2986 390 arc.

520 485 950 552 confitendae
996 485 1060 569 (ξ
1129 489 1189 570 6,
1260 503 1327 551 n.
1401 488 1535 571 20),
1605 486 1727 552 aut
1795 487 2123 554 virtutem
2194 490 2428 576 laedit,
2499 508 2562 564 v.
2633 509 2712 576 c.,
2781 493 3184 575 religionem

523 591 586 674 (ξ
634 596 739 677 26,
787 610 855 658 n.
906 595 1041 678 21),
1089 593 1469 681 caritatem,
1518 595 1575 660 si
1623 596 2031 661 scandalum
2077 595 2278 682 parit,
2319 596 2388 662 et
2419 600 2726 664 maxime
2757 599 2816 664 si
2847 599 3186 667 iustitiam

517 699 750 765 laedit.
2571 718 2576 726 ·

650 809 800 872 294.
849 808 911 874 Α
958 809 1318 875 mendacio
1364 808 1702 876 excusant
1746 810 2242 896 aequivocatiO,
2291 812 2360 876 et
2412 810 2752 878 restrictio
2814 830 2956 879 non
3018 831 3186 896 pure

516 914 859 980 mentalis,
914 914 1389 998 Aequivocatio
1438 916 1684 982 incidit
1730 915 1995 1000 quoties
2034 918 2188 999 quis
2219 919 2550 1001 ambiguo
2581 936 2894 985 sermone
2928 919 3184 1007 utitur3

514 1037 637 1086 seu
682 1021 1013 1104 ambigua
1058 1021 1149 1087 sit
1194 1024 1560 1090 verborum
1609 1022 2111 1111 pronunciatio,
2161 1040 2281 1090 seu
2327 1027 2539 1091 verba
2585 1028 2736 1107 ipsa
2781 1026 2922 1093 sint
2974 1029 3186 1094 ambi-

414 1122 419 1128 “
514 1147 655 1212 gua
701 1128 821 1214 (7).
870 1131 1081 1196 Porro
1126 1131 1335 1196 verba
1366 1133 1762 1198 huiusmodi
1799 1131 2246 1214 intelliyenda
2276 1135 2438 1199 sunt
2467 1133 2666 1200 iuxta
2705 1135 2988 1202 mentem
3028 1151 3185 1217 pro·

511 1232 835 1316 ferentis.-
880 1239 940 1303 si
962 1237 1141 1320 quis
1186 1237 1405 1321 igitur
1450 1255 1533 1304 ea
1575 1237 1777 1304 aliter
1823 1239 2192 1327 inteiligat,
2257 1241 2385 1306 etsi
2451 1243 2632 1306 bona
2688 1242 2838 1327 fide,
2909 1241 3184 1324 propter

511 1342 1000 1431 ignorantiam,
1047 1346 1161 1410 vel
1205 1343 1718 1426 simplicitatem
1769 1362 1990 1429 suam,
2037 1344 2183 1429 ip'se
2229 1363 2300 1411 se
2347 1346 2602 1428 decipit
2650 1346 2786 1432 (8),
2833 1348 2968 1414 nisi
3008 1347 3180 1413 forte

509 1466 593 1516 ea
638 1468 813 1534 quae
858 1451 1236 1534 usurpatur
1280 1451 1694 1534 significatio
1742 1451 1834 1517 sit
1879 1454 2091 1534 vulgo
2137 1470 2180 1517 a
2226 1470 2318 1539 re,
2367 1471 2506 1536 qua
2537 1457 2622 1518 de
2653 1448 2905 1538 agitu'r,
2940 1455 3038 1520 sic
3069 1456 3182 1520 ab·

509 1573 681 1623 sona
724 1559 833 1623 vel
880 1557 1165 1644 remota,
1214 1561 1293 1624 ut
1338 1559 1815 1641 aequivocatio
1851 1577 2002 1624 non
2052 1560 2253 1625 facile
2299 1559 2514 1642 possit
2559 1549 3019 1627 animadnerti
3057 1562 3176 1645 (9).

644 1667 793 1730 295.
840 1663 1205 1740 Restrictio
1250 1664 1573 1731 mentalis
1616 1663 1718 1751 fit,
1766 1683 1926 1731 cum
1973 1667 2208 1732 minus
2253 1665 2356 1732 est
2402 1667 2476 1731 in
2522 1669 2770 1753 verbis,
2834 1685 3041 1751 quam
3105 1670 3174 1734 in

508 1771 893 1838 intentione
940 1770 1383 1854 proferentis:
1430 1773 1623 1860 alias,
1672 1791 1828 1840 cum
1893 1774 2049 1856 quis
2105 1772 2599 1856 cogitationem
2661 1791 2858 1840 suam
2921 1775 3176 1858 partim

504 1879 837 1960 exprimit
887 1879 1129 1964 verbis,
1178 1879 1431 1961 partim
1478 1879 1733 1946 retinet
1778 1880 2032 1946 animo,
2082 1881 2172 1946 Et
2218 1881 2275 1945 si
2322 1881 2414 1964 id,
2450 1883 2630 1963 quod
2665 1881 2937 1967 retinet,
2971 1865 3176 1948 facile

505 1985 936 2068 subintelligi
982 1985 1223 2073 potest,
1273 2003 1411 2052 non
1452 2004 1631 2068 pure
1687 1987 2010 2054 mentalis
2025 2008 2054 2073 ;
2121 2005 2337 2074 secus,
2403 2005 2580 2070 pure
2646 1989 2970 2056 mentalis
3038 1991 3174 2055 dici

506 2094 678 2160 solet
726 2093 889 2176 (10).
936 2094 1070 2160 Illa
1114 2093 1301 2161 caret
1336 2095 1728 2180 -mendacio,
1778 2097 1948 2161 haec
1992 2111 2132 2161 non
2181 2094 2350 2160 item
2396 2094 2562 2179 (11).
2613 2095 2905 2170 Quando
2937 2097 3168 2162 autem

503 2199 844 2268 restrictio
889 2217 1028 2265 non
1070 2209 1263 2284 pure,
1311 2202 1588 2282 quando
1630 2217 1808 2282 pure
1852 2203 2176 2266 mentalis
2222 2203 2514 2268 dicenda
2560 2202 2671 2286 sit,
2719 2203 2942 2284 magis
2987 2203 3174 2289 facti,

501 2323 711 2388 quam
759 2307 951 2393 iuris,
999 2305 1310 2391 quaestio
1356 2309 1477 2373 est.
1524 2307 1713 2373 Haec
1760 2308 1980 2392 igitur
2025 2325 2184 2373 cum
2233 2309 2475 2390 primis
2507 2309 2858 2374 aestimari
2899 2311 3172 2395 debent,

499 2415 631 2478 vel·
658 2431 748 2480 ex
793 2430 1085 2496 persona
1130 2413 1645 2498 interrogantis,
1694 2416 1803 2479 vel
1851 2431 1940 2480 ex
1995 2431 2288 2497 persona
2346 2415 2844 2497 respondentis,
2907 2417 3174 2498 quoties

500 2652 554 2727 2,
600 2649 654 2725 2,
703 2651 833 2727 109,
880 2651 972 2731 1):
1004 2655 1187 2731 siqni,
1218 2652 1400 2729 idest,
1432 2653 1776 2726 verborum,

499 2736 726 2807 nutus;
769 2734 1021 2811 siynati,
1064 2732 1248 2807 idest,
1294 2734 1384 2791 rei
1438 2737 1627 2811 prout
1680 2739 1780 2793 est

498 2814 564 2871 in
634 2818 870 2871 mente:
933 2812 1041 2871 illa
1110 2814 1455 2873 materialis
1524 2814 1775 2887 dicitur,

497 2890 651 2951 haec
692 2891 1003 2967 formalis;
1045 2892 1365 2953 mendacio
1408 2900 1619 2951 autem
1654 2912 1774 2952 non

494 2971 622 3047 illa,
668 2972 781 3031 sed
821 2973 974 3063 lgneo
1010 2976 1373 3052 opponitur;
1404 2975 1600 3051 primo
1629 2976 1776 3048 quia

494 3056 697 3112 virtus
763 3055 1046 3112 veritatis
1127 3057 1195 3113 in
1270 3055 1777 3130 manifestatione

494 3136 777 3193 consistit
822 3133 925 3209 (D.
969 3134 1101 3208 Th„
1166 3136 1275 3193 cit.
1338 3134 1415 3193 A.
1484 3134 1614 3209 109,
1685 3134 1774 3211 1);

495 3212 740 3289 deinde,
787 3215 935 3288 quia
980 3215 1257 3272 actiones
1300 3212 1623 3288 humanae,
1655 3234 1777 3271 ma—

493 3294 592 3371 gis
661 3292 1023 3369 formaliter,
1094 3314 1279 3369 quam
1342 3294 1772 3366 materialiter,

494 3372 928 3433 diiudicantur
971 3373 1073 3451 (D.
1118 3373 1250 3449 Th„
1296 3374 1413 3431 110
1454 3374 1535 3432 ad
1582 3372 1659 3453 1).

506 3522 509 3525 ⁴
576 3453 665 3531 (7)
710 3453 913 3526 Salm„
975 3455 1065 3528 17,
1127 3454 1343 3529 1,105.
1386 3454 1773 3514 Prommcia—

490 3536 579 3592 tio
608 3533 710 3611 (V.
740 3533 775 3592 Ι
805 3534 951 3611 Ray.
982 3532 1309 3609 XXVIII,
1335 3534 1429 3613 2):
1455 3541 1527 3592 ut
1541 3553 1698 3608 ecce,
1716 3536 1771 3592 si

491 3613 788 3690 praedoni
832 3614 1241 3690 respondeas:
1300 3618 1437 3674 iuro
1493 3616 1624 3687 tibi,
1678 3634 1773 3672 me

492 3698 739 3752 centum
779 3696 1108 3766 daturum3
1154 3694 1256 3753 vel
1296 3695 1643 3770 quaerenti,
1690 3713 1771 3751 an

488 3774 577 3831 sit
598 3771 829 3832 Petrus
844 3774 1025 3847 domi,
1043 3774 1419 3851 respondeas
1437 3794 1449 3832 :
1472 3774 1630 3831 Dico
1644 3793 1770 3833 non

488 3851 575 3929 (S.
619 3851 826 3929 Alph.,
860 3852 986 3929 ΙΙΙ,
1023 3856 1180 3931 151).
1225 3856 1412 3931 Verba
1443 3857 1585 3931 ipsa
1606 3852 1709 3931 (V.
1736 3853 1769 3911 Ι

488 3932 659 4011 1229„
680 3932 968 4006 XXVII,
1004 3934 1110 4007 103
1140 3936 1334 4008 Ioan„
1368 3934 1519 4009 VII,
1550 3933 1605 4007 8,
1649 3934 1766 4010 10).

488 4012 754 4090 Utputa,
800 4014 851 4071 si
898 4015 1033 4071 viro
1078 4016 1423 4089 quaerenti,
1468 4034 1549 4072 an
1598 4013 1769 4071 adul-

491 4094 717 4152 terium
762 4093 1104 4167 admiserit,
1150 4114 1305 4152 uxor
1359 4094 1764 4172 respondeat:

482 4192 547 4231 se
608 4192 733 4232 non
787 4175 1049 4251 freyissc
1110 4177 1601 4247 matrimonium,
1666 4173 1765 4231 vel

486 4252 568 4329 (si
612 4255 733 4311 iam
776 4251 935 4311 illud
976 4252 1259 4313 confessa
1303 4254 1541 4332 fuerit),
1586 4272 1647 4311 se
1679 4256 1767 4312 in-

483 4336 745 4393 nooeiam
786 4350 910 4391 esse
954 4332 1040 4411 (S.
1084 4334 1290 4411 Alph.,
1340 4334 1497 4412 162).

566 4414 655 4491 (8)
699 4412 759 4471 S.
804 4412 1011 4490 Alph.,
1058 4413 1190 4471 151.

565 4494 651 4571 (9)
710 4494 951 4571 Laym„
1010 4493 1204 4567 XIII,
1266 4496 1357 4551 11.
1417 4493 1651 4569 Veluti,
1710 4495 1760 4551 si

483 4574 829 4648 quaerenti,
875 4593 954 4631 an
998 4574 1231 4632 Petrus
1296 4576 1382 4632 sit
1437 4574 1617 4647 dorni,
1676 4592 1763 4631 re-

483 4655 818 4730 spondeas:
850 4674 971 4712 non
998 4660 1087 4711 est
1118 4654 1433 4733 (comedit)
1464 4654 1629 4712 domi
1654 4652 1763 4711 Pe-

484 4738 641 4791 trus.

1972 2652 2100 2731 (10)
2143 2651 2348 2728 Oroix,
2392 2651 2520 2728 ΙΙΙ,
2567 2652 2618 2727 Ι,
2664 2652 2799 2711 284.
2865 2651 2956 2713 Ut.
3013 2672 3170 2729 ecce,

1889 2734 1943 2791 si
1973 2740 2232 2811 rogatus
2262 2739 2546 2791 mutuum
2577 2733 2744 2809 dare,
2775 2734 3168 2810 respondesne,

1890 2815 2007 2872 tibi
2049 2813 2298 2887 deesse;
2357 2813 2458 2872 vel
2515 2812 2947 2891 reprehensuS‚
3006 2815 3169 2891 quod

1891 2913 2003 2952 vas
2044 2892 2328 2971 fregeriS,
2373 2912 2564 2971 neges
2621 2892 2904 2971 fregisse,
2965 2895 3171 2953 subin—

1889 2972 2182 3051 telligens
2229 2992 2434 3033 mense
2464 2976 2863 3051 praecedenti
2891 2974 3165 3052 (Laym.,

1967 3100 2095 3212 (11')
2140 3054 2239 3192 iix
2283 3133 2640 3207 Inn00.XI,
2687 3134 2780 3208 26,
2826 3134 2922 3207 27,
2959 3134 3056 3192 28.
3086 3133 3164 3193 In

1887 3215 2348 3273 restrictionem
2389 3233 2544 3291 pure
2574 3212 2917 3277 mentalem,
2935 3214 3167 3273 recidit

1886 3292 2062 3351 fraus
2103 3294 2256 3367 eim,
2303 3296 2411 3369 qui
2454 3296 2657 3355 animo
2700 3293 2950 3367 quidem
3005 3294 3163 3353 nihil

1886 3375 2137 3448 retinet,
2184 3374 2292 3433 sed
2335 3380 2576 3451 partem
2607 3374 2906 3451 exprimit
2934 3374 3162 3443 verbm,

1886 3460 1998 3513 aut
2055 3456 2272 3532 signis,
2331 3474 2488 3530 quae
2550 3454 2712 3513 alter
2773 3472 2902 3513 non
2961 3460 3164 3531 potest

1885 3554 2034 3592 aure
2068 3536 2432 3611 percipere,
2498 3534 2600 3592 vel
2661 3534 3162 3595 animadvertere

1886 3614 2114 3691 (Sahn.,
2165 3616 2253 3689 17,
2303 3617 2354 3686 1,
2402 3614 2560 3691 138).
2591 3614 2858 3689 Utputa,
2891 3614 2944 3672 si
2975 3614 3162 3673 surdo

1885 3688 2231 3769 quasi-enti,
2276 3714 2356 3752 an
2401 3692 2581 3753 Seius
2635 3693 2753 3751 hac
2810 3696 3160 3768 transierit,

1884 3774 2259 3851 respondeas
2288 3773 2453 3832 elata
2485 3793 2658 3849 voce3
2688 3776 2942 3833 transiit
2956 3791 2984 3849 ;
3027 3774 3162 3832 sub-

1882 3855 2072 3913 missa
2102 3855 2433 3913 adiiciens:
2479 3856 2613 3912 heri
2655 3857 2748 3912 vel
2790 3856 3024 3913 ‘nudius
3053 3860 3162 3912 ter-

1882 3937 2008 3993 tius
2021 3952 2049 4011 ,·
2091 3934 2190 3993 vel
2235 3936 2290 3992 si
2333 3936 2632 4010 poscenti,
2679 3954 2759 3991 an
2801 3933 3013 3992 isthuc
3070 3936 3156 3992 sit

1881 4012 2130 4090 Petrus,
2176 4014 2581 4091 respondeas:
2625 4050 2644 4058 -
2685 4034 2812 4073 ‘no-n
2859 4019 2946 4072 cst
3001 4017 3102 4072 hic
3141 4047 3160 4057 -

1882 4114 2166 4171 premens
2210 4094 2364 4171 pede
2409 4102 2642 4153 terram
2673 4093 2758 4171 (S.
2788 4092 2997 4171 Alph.,
3027 4094 3156 4168 III,

1885 4174 2041 4252 165).
2087 4174 2335 4249 Verum,
2379 4175 2534 4233 haec
2575 4192 2816 4249 quoque
2860 4175 2950 4232 sic
3006 4175 3158 4233 acci·

1878 4254 2106 4329 pienda
2150 4259 2302 4313 sunt
2363 4254 2485 4313 nisi
2517 4256 2615 4313 vir
2645 4253 2919 4331 prudens
2947 4258 3014 4312 et
3041 4253 3158 4312 cal-

1879 4334 2045 4392 lidus
2075 4332 2257 4393 facile
2288 4334 2788 4394 animadvertere
2819 4354 2892 4393 ea
2927 4336 3157 4411 potuis-

1879 4422 2008 4487 set;
2053 4419 2125 4472 ut
2177 4418 2349 4491 puta,
2405 4417 2464 4473 si
2518 4416 2754 4473 latroni
2807 4414 3152 4489 quaerenti,

1877 4514 1956 4551 an
2003 4494 2181 4553 Seius
2225 4495 2340 4553 hac
2373 4496 2717 4569 transierit,
2748 4494 3152 4571 respondeas:

1875 4593 2002 4632 non
2044 4577 2298 4633 transiit
2341 4578 2475 4649 hac,
2505 4575 2742 4634 addens
2773 4574 3010 4649 aliquid
3041 4574 3155 4631 lin-

1875 4674 1998 4731 gua
2041 4656 2096 4712 ei
2142 4656 2373 4732 ignota,
2420 4655 2519 4713 vel
2553 4658 2836 4715 manicas
2865 4654 3152 4715 manibus

1874 4734 2169 4793 ambiens
2249 4756 2254 4760 ’
