3584 5350
594 318 712 376 368
1022 332 1219 375 mena
1264 332 1361 375 111.
1405 349 1443 361 -
1484 330 1716 377 rnAc‘r.
1762 332 1832 373 11.
1875 331 2004 374 Trr.
2049 330 2168 373 vn.
2213 330 2298 373 DE
2341 330 2833 385 commoriens

600 482 729 547 ties
776 482 848 546 id
894 483 1137 547 suadet
1184 496 1392 549 causa
1438 482 1690 565 graviS,
1742 482 1846 545 vel
1896 479 2207 562 aequitas
2241 482 2399 561 (25).
2449 480 2582 547 Sed
2629 481 2700 544 in
2751 480 2994 562 primis
3028 480 3266 545 tenen·

598 588 763 654 dum
812 588 934 674 est,
984 586 1373 653 iuramento
1421 588 1628 654 tacite
1674 589 1896 653 inesse
1935 604 2406 670 quaecumque
2439 588 2864 671 obligatione
2897 588 3264 670 principali

601 694 808 760 tacite
843 696 1083 759 insunt
1113 695 1270 775 (26):
1319 694 1407 779 et,
1442 692 1701 779 contra,
1736 710 1879 759 non
1909 694 2249 759 contineri
2282 710 2382 777 ea,
2415 711 2591 776 quae
2623 695 3046 777 obligatione
3077 694 3268 775 prin-

598 802 804 882 cipali
854 817 997 865 non
1044 802 1512 884 continentur,
1546 817 1665 865 seu
1698 800 1972 872 natura,
2007 816 2128 865 seu
2163 803 2333 885 lege,
2365 816 2486 866 seu
2535 802 2844 866 moribus
2877 802 3036 882 (27).
3071 802 3160 865 Et
3205 800 3265 864 si

599 908 939 973 iuraveris
986 909 1347 999 observare
1380 906 1641 972 statuta
1671 907 1967 972 alicuius
2013 905 2524 991 UniversitatiS,
2575 906 2884 994 Collegii,
2933 908 3084 991 etc.,
3133 907 3266 971 hoc

600 1017 685 1081 de
732 1016 871 1080 iam
919 1014 1145 1099 editiS,
1192 1015 1260 1079 et
1307 1015 1536 1079 adhuc
1583 1014 1981 1096 vigentibus
2029 1014 2416 1098 dumtaxat,
2448 1031 2589 1079 non
2634 1016 2892 1080 delam
2924 1014 3271 1094 obsoletiS,

600 1122 1083 1203 accipiendum
1132 1120 1235 1185 est
1267 1121 1432 1204 (28):
1482 1122 1695 1186 immo
1742 1122 1799 1186 si
1835 1119 2071 1203 postea
2103 1122 2323 1185 maior
2370 1138 2528 1202 pars
2574 1120 3084 1205 Universitatis,
3127 1122 3274 1186 Gol-

602 1228 791 1314 legii,
825 1226 976 1308 etc„
1020 1226 1318 1309 coeperit
1365 1244 1506 1292 non
1552 1244 1824 1292 servare
1870 1227 2105 1309 aliqua
2151 1244 2240 1291 ex
2287 1226 2415 1311 hie,
2463 1244 2546 1293 ea
2591 1244 2716 1293 nec
2763 1228 2967 1293 ceteri
3000 1210 3274 1292 sei-'vare

603 1332 925 1399 tenentur
973 1334 1137 1418 (29).
1186 1334 1295 1399 Ad
1347 1332 1693 1419 ultimum,
1745 1332 1847 1398 uti
1894 1333 2278 1417 promissiO,
2320 1333 2420 1398 ita
2465 1333 2534 1399 et
2584 1335 3054 1400 iuramentum
3087 1336 3160 1399 in
3193 1350 3268 1398 re

609 1440 807 1523 gravi
856 1442 984 1505 sub
1032 1440 1251 1523 gravi,
1300 1440 1373 1504 in
1420 1456 1494 1504 re
1541 1440 1699 1525 levi,
1750 1441 2000 1525 verius,
2047 1441 2177 1504 sub
2223 1439 2358 1503 levi
2408 1439 2673 1519 obligat
2719 1436 2884 1522 (30).

746 1550 895 1612 431.
932 1545 1180 1612 Restat·
1202 1546 1279 1610 ut
1311 1546 1669 1612 videamus
1700 1549 2041 1628 quomodo
2073 1546 2538 1612 iuramentum
2575 1546 2808 1613 cesset.
2844 1544 2932 1612 Et
2963 1546 3277 1612 intererit

610 1654 847 1719 utrum
892 1654 1245 1736 ‘obligatio
1308 1653 1707 1735 principalis
1768 1654 2003 1718 valida
2063 1650 2291 1738 fuerit,
2347 1671 2437 1718 an
2500 1654 2750 1719 minue.
2801 1652 2854 1718 I.
2905 1654 2976 1718 Si
3024 1654 3276 1737 valida,

619 1758 682 1824 1⁰
728 1778 811 1826 ea
857 1760 1188 1843 extincta,
1237 1762 1785 1842 quibuscumque
1832 1760 2054 1825 modis
2103 1758 2371 1825 tollitur
2419 1760 2771 1844 obligatio,
2808 1759 3276 1824 iuramentum

614 1867 873 1932 corruit
922 1866 1084 1950 (31).
1135 1868 1333 1953 Item,
1382 1863 1453 1931 2⁰
1498 1868 1556 1932 si
1617 1867 1904 1933 rescissa
1959 1866 2168 1932 fuerit
2227 1864 2451 1933 officio
2510 1866 2760 1932 iudicis
2823 1866 2978 1951 (32),
3027 1867 3138 1931 vel
3181 1883 3280 1930 re-

694 2024 821 2103 (25)
866 2025 964 2082 Ex
1010 2023 1078 2083 O.
1125 2024 1215 2098 13,
1261 2026 1355 2083 De
1405 2024 1624 2083 Cleo-ic.
1652 2044 1780 2083 -ηοη
1810 2044 1896 2083 re-

520 2058 525 2061 ,
615 2108 715 2165 sid
748 2122 761 2135 ·
804 2103 851 2163 Ο
915 2105 951 2161 2
1014 2106 1109 2163 De
1148 2106 1323 2163 Feud
1354 2105 1449 2162 ,L
1503 2104 1574 2162 16
1634 2106 1758 2173 Qui
1787 2104 1895 2163 Soe-
2004 2026 2151 2100 quia
2193 2024 2520 2083 consilium
2569 2029 2668 2082 est
2731 2024 3001 2101 (Sanch.,
3059 2026 3164 2097 M„
3226 2023 3279 2097 Ι,

719 2148 753 2179 .,
859 2148 872 2162 .
955 2149 968 2178 ‚
1326 2148 1360 2179 Ἴ
1456 2150 1468 2162 ¹
1579 2151 1593 2179 ‚

2005 2106 2102 2162 43.
2145 2105 2226 2181 3).

616 2187 758 2243 tisd.
802 2204 925 2261 co9.
970 2184 1059 2243 Ut
1116 2204 1271 2259 ecce,
1331 2186 1385 2242 si
1435 2186 1745 2243 iuraveris
1803 2186 1897 2244 ob-

622 2270 971 2341 temperare
1012 2264 1324 2340 mandam,
1356 2264 1455 2322 vel
1498 2265 1759 2324 arbitrio
1790 2264 1898 2322 Su-

621 2345 900 2421 perioriS,
945 2350 1011 2403 et
1052 2345 1209 2403 illud
1254 2347 1341 2403 sit
1388 2346 1693 2403 iniustum
1746 2344 1900 2423 (Sal-

620 2430 831 2498 mant.,
868 2426 958 2499 17,
986 2427 1039 2499 1,
1069 2425 1225 2503 140),
1256 2425 1368 2483 hoc
1399 2426 1604 2483 minus
1634 2445 1898 2501 aequum

620 2504 719 2582 (L.
762 2504 856 2579 30,
902 2507 997 2562 De
1047 2506 1223 2582 Oper.
1266 2506 1507 2582 libert).
1553 2504 1779 2580 Itaque
1825 2506 1896 2579 si,

622 2605 681 2644 v.
725 2603 794 2657 c.,
841 2586 1167 2659 iuraveriS,
1200 2587 1263 2643 in
1295 2585 1424 2643 loco
1456 2585 1736 2643 beneficii
1766 2604 1900 2643 con-

623 2667 801 2724 tinuo
845 2657 1135 2740 residere,
1181 2686 1303 2724 non
1345 2666 1589 2743 peieras
1633 2667 1684 2724 si
1730 2666 1900 2724 absis

624 2748 761 2802 iura
804 2745 975 2804 illius
1018 2746 1236 2804 tuendi
1282 2745 1375 2823 (O.
1424 2747 1514 2822 13,
1560 2749 1653 2804 De-
1686 2745 1898 2804 Cleric.

624 2845 749 2884 ‘non
792 2827 1023 2904 resim),
1055 2825 1151 2886 vel
1196 2846 1319 2900 qua
1362 2826 1487 2884 alia
1531 2828 1699 2885 iusta
1743 2826 1901 2902 (Pir-

624 2906 771 2979 hin„
799 2905 925 2979 III,
958 2908 1012 2980 4,
1037 2907 1146 2980 44;
1176 2905 1380 2979 Reiff„
1399 2905 1525 2980 III,
1544 2908 1597 2980 4,
1635 2907 1733 2984 18)
1763 2926 1903 2964 cau-

626 3005 713 3043 sa.
745 2987 830 3042 Et
862 2985 1210 3062 Episcopus
1239 2987 1345 3059 qui
1380 2987 1581 3044 iurato
1618 2987 1900 3063 spondet,

626 3083 747 3122 non
792 3064 1245 3124 distracturum
1272 3067 1428 3124 bona
1458 3085 1606 3124 suae
1636 3085 1900 3140 mensae,

628 3165 745 3204 non
832 3145 1197 3220 prohibetur
1282 3145 1552 3202 terrulas
1629 3147 1902 3204 alienare

628 3223 721 3300 (C.
766 3225 821 3296 8,
852 3226 945 3289 De
970 3228 1090 3284 reb.
1124 3227 1288 3282 Eccl.
1318 3225 1547 3304 aliern),
1592 3227 1739 3300 quia
1782 3246 1900 3283 non

630 3304 886 3363 videtur
929 3307 1298 3364 renunciare
1344 3306 1463 3362 iuri
1510 3324 1619 3364 suo
1670 3305 1763 3382 (O.
1808 3307 1902 3379 53,

630 3383 781 3442 Cau.
830 3385 917 3458 12,
964 3385 1045 3462 2).

711 3466 839 3541 (26)
885 3464 982 3522 Ex
1026 3463 1093 3523 C.
1138 3466 1235 3538 25,
1277 3468 1335 3522 h..
1366 3469 1449 3539 t.;
1481 3464 1555 3521 V.
1588 3466 1782 3541 Lesa,
1814 3464 1902 3538 II,

630 3545 725 3618 42,
771 3545 866 3601 22.
913 3545 997 3601 Et
1042 3546 1103 3601 in
1158 3546 1373 3621 primis
1432 3545 1583 3603 haec
1626 3579 1662 3590 -
1698 3549 1756 3604 si
1799 3565 1907 3623 po-

632 3630 803 3682 tuero
851 3657 875 3668 -
938 3627 995 3684 εἰ
1041 3643 1139 3683 res
1199 3644 1327 3683 'nou
1380 3627 1623 3702 fuerint
1680 3629 1910 3686 notabi-

632 3706 778 3762 citer
831 3710 1105 3762 mutatae
1151 3738 1190 3748 -
1232 3708 1290 3764 εἰ
1342 3708 1502 3764 alter
1554 3708 1753 3781 fidem,
1797 3726 1908 3784 pa-

633 3790 733 3841 cta
774 3787 1109 3844 servaverit
1153 3786 1239 3856 (S.
1297 3786 1502 3862 Alph.,
1561 3784 1689 3861 III,
1750 3787 1908 3863 180).

634 3862 801 3936 Ideo,
848 3885 905 3922 v.
950 3885 1019 3938 c.,
1065 3865 1173 3940 qui
1218 3866 1335 3923 sibi
1380 3866 1647 3942 puellam
1706 3867 1910 3924 iurato

636 3944 1059 4020 desponsavit,
1074 3947 1323 4021 impune
1342 3946 1581 4005 recedit
1596 3966 1671 4004 ex
1687 3966 1759 4004 ea
1775 3965 1912 4004 eau—

636 4043 721 4098 sa,
754 4025 829 4081 ob
870 4045 1054 4098 quam
1100 4025 1411 4102 sponsalia
1457 4026 1912 4103 simpliciadis-

640 4103 972 4162 solvuntur
1034 4105 1303 4182 (Sporer,
1347 4107 1441 4164 De
1482 4109 1690 4182 Matr„
1738 4107 1913 4184 290);

636 4189 713 4241 ut
752 4189 907 4259 puta
952 4186 1004 4242 si
1048 4185 1255 4261 puella
1298 4186 1483 4244 alteri
1528 4188 1917 4246 commiscue-

639 4264 742 4336 rit,
810 4269 923 4322 aut
984 4265 1442 4324 deformitatem
1509 4267 1914 4340 contraxerit,

639 4344 787 4418 (Cit.
832 4343 900 4403 C.
946 4346 1065 4423 25),
1106 4347 1155 4403 si
1191 4366 1455 4422 sponsus
1486 4347 1916 4424 perfectiorem

640 4427 810 4482 vitae
829 4431 1067 4483 statum
1086 4427 1241 4483 inire
1261 4427 1551 4485 maluerit
1573 4426 1917 4502 (Schmalz.,

636 4503 749 4570 IV,
810 4507 864 4580 5,
916 4506 1011 4578 79;
1064 4507 1124 4564 S.
1168 4505 1373 4581 Alph.,
1424 4507 1535 4580 VI,
1582 4508 1745 4586 873).
1790 4507 1922 4564 Nec

636 4586 849 4643 obstat
891 4587 959 4643 C.
1006 4587 1098 4656 12,
1145 4587 1240 4643 De
1296 4585 1611 4662 sponsal„
1654 4609 1775 4662 quo
1832 4607 1925 4645 ca-

638 4670 841 4741 vetur,
886 4667 1087 4724 tutius
1133 4685 1260 4724 esse
1305 4669 1496 4743 prius
1546 4671 1922 4739 contrahere,

634 4751 687 4803 et
748 4752 971 4822 postca
1042 4749 1123 4804 ad
1194 4749 1551 4824 reliyc'onem
1630 4768 1689 4805 m
1702 4749 1923 4824 lym-are,

2087 2184 2216 2261 (27)
2261 2184 2454 2258 Lesa,
2501 2183 2588 2259 II,
2631 2186 2726 2260 42,
2779 2184 2886 2257 22;
2931 2184 3128 2259 Suar.,
3184 2184 3282 2243 32.

2007 2264 2044 2321 2
2062 2283 2076 2337 ;
2121 2263 2324 2337 Salm.,
2343 2268 2452 2339 11,
2481 2266 2538 2339 5,
2573 2264 2703 2322 140.
2735 2262 3006 2339 Ideoque
3035 2284 3160 2323 non
3187 2284 3286 2339 pe-

2007 2345 2188 2418 ieraS,
2237 2366 2295 2403 v.
2339 2364 2408 2419 c.,
2475 2346 2530 2403 si
2593 2364 2721 2403 rem
2783 2344 3108 2403 venditam
3163 2364 3284 2401 non

2009 2424 2210 2483 tradis
2253 2426 2532 2501 emptori,
2578 2426 2686 2499 qui
2727 2422 2989 2485 definita
3025 2425 3128 2482 die
3156 2442 3286 2500 pre—

2011 2505 2166 2561 tium
2193 2525 2330 2563 onon
2377 2504 2566 2563 solvit
2610 2504 2734 2583 (Ex
2775 2502 2845 2563 G.
2889 2504 2945 2578 3,
2989 2508 3050 2562 le.
3100 2504 3188 2582 t.);
3232 2505 3282 2560 si

2009 2604 2194 2659 quam
2237 2585 2632 2643 donationem
2675 2586 3000 2643 iuraveras
3043 2604 3164 2643 non
3201 2603 3288 2641 re-

2010 2685 2248 2741 vocare,
2295 2664 2395 2724 vel
2445 2664 2724 2724 colonum
2780 2685 2902 2724 non
2959 2664 3284 2743 expellere,

2011 2765 2278 2820 revoceS,
2324 2745 2616 2822 expellas,
2660 2746 2985 2804 donatario
3039 2748 3288 2823 ingrato

2013 2824 2182 2884 facto
2203 2825 2416 2904 (Moli.,
2449 2825 2552 2884 Tr.
2583 2825 2673 2900 II,
2703 2827 2800 2900 2&
2831 2825 3027 2902 Lug0,
3060 2821 3286 2896 XXIIss

2012 2906 2174 2984 236),
2220 2905 2593 2964 conductore
2647 2911 2774 2964 toto
2837 2907 3088 2964 biennio
3145 2925 3291 2962 mer—

2012 2986 2223 3044 cedem
2267 3005 2384 3044 non
2431 2986 2712 3044 solvente
2757 2985 2986 3064 (Salm.,
3037 2986 3198 3065 151).

2095 3066 2221 3144 (28)
2266 3065 2469 3141 Salm.,
2519 3065 2612 3137 16,
2655 3067 2709 3139 2,
2754 3067 2848 3124 77.

2097 3145 2224 3224 (29)
2270 3146 2330 3204 S.
2374 3145 2581 3222 Alph.,
2627 3144 2754 3220 III,
2803 3147 2948 3220 1813
2995 3147 3071 3205 V.
3110 3145 3290 3220 Prol..

1969 3255 1981 3267 ·
2015 3226 2149 3299 203,
2195 3247 2254 3284 n.
2299 3227 2394 3284 29.

2095 3307 2224 3384 (30)
2269 3306 2417 3380 Sot.,
2463 3306 2613 3381 VII,
2659 3305 2710 3381 Ι,
2755 3306 2811 3380 7,
2855 3305 2914 3364 d.
2968 3308 3035 3381 13
3095 3306 3290 3374 Suam,

2014 3386 2068 3458 3,
2104 3386 2196 3460 13,
2230 3387 2298 3459 93
2331 3386 2573 3460 Sanch.,
2605 3387 2704 3460 D.,
2736 3385 2864 3462 ΙΙΙ,
2897 3385 3010 3460 VI,
3044 3387 3154 3460 233
3180 3387 3296 3444 Lu—

2016 3486 2109 3542 g0,
2128 3467 2222 3524 De
2237 3467 2411 3539 Just„
2439 3465 2794 3538 XXXVII,
2817 3467 2948 3525 101.
2975 3467 3124 3524 Sive
3146 3467 3292 3524 haec

2015 3546 2308 3622 partialis
2351 3547 2615 3604 materia
2658 3546 2868 3621 fuerit,
2902 3547 3038 3605 sive
3085 3546 3294 3605 totalis

2018 3625 2251 3704 (Salm.,
2314 3628 2404 3700 17,
2468 3628 2558 3700 11,
2619 3627 2726 3702 543
2785 3625 2844 3684 S.
2901 3626 3111 3703 Alph.,
3170 3625 3294 3698 III,

2024 3706 2171 3779 173;
2218 3707 2293 3765 V.
2339 3710 2378 3782 ξ
2423 3707 2516 3782 25,
2549 3725 2608 3763 n.
2650 3706 2767 3785 19).
2798 3705 2965 3782 Ιᾶθο,
2999 3727 3057 3764 v.
3090 3727 3161 3782 c.,
3192 3708 3293 3781 qui

2020 3787 2261 3844 iuravit
2291 3793 2692 3863 praesentare
2729 3787 3074 3864 digniorem
3105 3787 3186 3844 ad
3207 3788 3298 3845 be-

2022 3865 2328 3942 neficium,
2396 3868 2452 3924 si
2519 3868 3026 3942 praesentaverit
3093 3866 3298 3944 paullo

2025 3948 2230 4005 minus
2261 3947 2621 4024 digniorem,
2653 3967 2772 4005 non
2805 3949 3046 4023 peierat
3069 3947 3296 4023 (Salm.,

2027 4026 2313 4099 28,326.

2109 4107 2236 4185 (31)
2274 4031 2376 4165 )Cf.
2441 4107 2635 4184 LugO,
2695 4107 2920 4182 XXII,
2985 4108 3121 4182 237,
3185 4115 3301 4166 etc.

2040 4187 2306 4258 Cormdt,
2364 4207 2581 4264 nempe
2631 4189 2926 4246 indirecte
2937 4205 2967 4264 ,·
3015 4195 3086 4246 ut
3132 4192 3300 4264 puta.

2031 4268 2082 4324 si
2130 4269 2455 4326 usurarius
2501 4267 2815 4326 indebitas
2859 4287 3086 4327 usuras
3136 4269 3306 4326 remi-

2033 4347 2189 4404 serit
2232 4347 2498 4406 debitori
2542 4347 2810 4424 (Sanch.,
2852 4351 2957 4420 M„
3019 4347 3208 4416 VIII,
3251 4348 3304 4408 2,

2031 4427 2127 4501 26;
2173 4425 2232 4486 S.
2277 4428 2483 4504 Alph.,
2531 4427 2656 4502 III,
2691 4427 2822 4502 193,
2855 4431 2920 4486 in
2963 4427 3071 4506 fi.);
3102 4429 3155 4486 si
3186 4448 3307 4488 cre-

2034 4507 2220 4567 ditor·
2243 4527 2371 4565 rem
2415 4509 2534 4565 sibi
2577 4510 2784 4566 iurato
2835 4509 3200 4586 promissam
3243 4510 3306 4565 in

2034 4586 2218 4645 aliam
2262 4589 2756 4664 commutaverit,
2803 4588 3070 4664 quadam
3127 4590 3306 4664 quasi

2036 4670 2366 4726 novatione
2412 4669 2630 4741 (Lessa,
2677 4668 2765 4744 II,
2809 4670 2904 4742 42,
2943 4669 3066 4746 57).

2117 4749 2244 4826 (32)
2291 4749 2386 4806 Ex
2417 4749 2488 4806 L.
2519 4749 2633 4807 ult.
2675 4749 2798 4817 Quat
2823 4751 3038 4808 sati-ed.
3069 4755 3308 4828 coyant.
