3584 5350
1436 357 1926 403 PRAENOTANDA
2894 344 3008 402 163

344 505 542 591 sunt,
575 522 689 571 res
732 505 804 571 et
845 504 1299 591 uictimam,-
1344 506 1497 571 ideo
1543 508 1878 571 damnum
1927 506 2307 588 accipimus
2380 523 2496 573 seu
2568 523 2823 593 rerum,
2892 525 3011 573 seu

346 611 886 679 existimationis
915 612 1030 693 (5):
1065 596 1164 676 ‘de
1211 613 1466 677 damno
1513 611 2051 677 existimationis
2121 614 2345 677 dicam
2396 613 2633 678 serius.
2681 614 2765 678 In
2812 616 3015 678 rebus

346 721 497 787 dari
541 718 769 801 potest
821 720 1128 785 maxime
1188 720 1456 785 duobus
1526 721 1787 785 modis:
1864 716 1931 784 1⁰
1999 738 2115 785 eas
2182 722 2617 806 destruendO,
2687 724 2811 785 aut
2878 739 3017 786 cor·

346 826 772 911 rumpend03
821 821 892 889 2ο
941 826 1198 891 iniuste
1243 826 1374 891 sibi
1423 824 1713 891 traditas
1759 824 2163 891 retinendo:
2212 826 2377 891 inde
2423 828 2599 891 duae
2646 825 3017 891 restitutio-

349 934 460 997 nis
506 948 779 1013 causae,
823 948 996 1015 quas
1039 930 1174 998 ΤΤ.
1223 930 1496 999 radices
1542 932 1833 998 vocant:
1869 932 2131 997 iniusta
2160 932 2484 1017 acceptio,
2518 934 2589 996 et
2620 950 2726 997 res
2760 934 3016 998 iniuste

347 1036 630 1120 accepta
664 1038 783 1122 (6).
835 1036 1112 1103 Iniusta
1157 1036 1448 1118 acceptio
1493 1036 1762 1103 Nostris
1808 1036 1931 1122 est,
1980 1038 2499 1103 detrimentum·
2544 1037 2800 1104 iniuste
2871 1039 3013 1103 illa-

349 1143 543 1230 tum3
591 1146 840 1227 utputa
885 1145 940 1207 si
991 1146 1194 1210 aedes
1243 1160 1428 1209 meas
1476 1143 1884 1232 incenderis,
1932 1144 2192 1209 animal
2243 1146 2735 1229 vulneraveris,
2770 1145 3013 1209 vinum

347 1250 776 1334 corruperis:
825 1268 936 1317 res
981 1249 1212 1316 autem
1241 1250 1503 1317 iniuste
1533 1251 1801 1331 accepta
1848 1251 1971 1335 est,
2016 1252 2115 1315 rei
2165 1252 2434 1317 alienae
2480 1250 2743 1316 iniusta
2788 1252 3013 1334 acqui·

347 1357 508 1422 sitio
552 1360 622 1423 et
665 1340 961 1423 'retentio
988 1358 1108 1440 (7).
1157 1356 1418 1423 Neutra
1465 1357 1883 1441 intelligitur
1910 1359 2079 1422 -sine
2125 1358 2379 1423 damno
2426 1356 2495 1421 et
2542 1358 2847 1423 iniuria:
2897 1357 3013 1423 sed

225 1536 234 1546 ,
347 1464 472 1528 illa
516 1463 844 1529 iniuriam
893 1463 1254 1529 formalem
1300 1462 1542 1549 exigit,
1591 1464 1762 1529 haec
1810 1464 1919 1528 vel
1967 1464 2113 1528 sola
2159 1461 2501 1529 matariali
2536 1463 2862 1530 contenta
2892 1466 3021 1549 est3

347 1569 554 1652 atque
604 1570 755 1635 ideo
803 1570 926 1635 illa
969 1570 1074 1635 est
1119 1570 1313 1636 velut
1359 1586 1600 1654 poena,
1648 1570 1822 1635 haec
1867 1586 2010 1635 non
2060 1570 2269 1654 item,
2318 1570 2440 1635 illa
2485 1569 2826 1636 actionem
2876 1586 3017 1653 per-

319 1678 656 1743 ‘sonalem
704 1679 1026 1763 praestat,
1075 1678 1248 1743 haec
1292 1678 1550 1743 realem
1582 1675 1722 1760 (8):
1798 1678 1867 1742 et
1934 1677 2096 1741 licet
2142 1694 2548 1742 concurrere
2616 1678 2903 1760 possint,
2952 1682 3020 1741 et

348 1800 550 1865 saepe
599 1782 1014 1850 concurrant
1041 1783 1162 1869 (9);
1211 1784 1487 1866 quando
1534 1784 1977 1868 concurrunt,
2028 1781 2317 1865 utraque
2363 1801 2487 1848 suo
2533 1787 2809 1867 proprio
2872 1786 3020 1849 iure

348 1890 652 1956 metitur.
703 1890 894 1967 Quae
942 1908 1098 1955 cum
1148 1890 1248 1955 ita
1293 1890 1452 1975 sint,
1503 1890 1702 1956 nobis
1750 1890 2049 1973 primum
2101 1892 2186 1954 de
2232 1891 2342 1955 his
2389 1908 2563 1973 quae
2610 1890 2886 1973 utrique
2920 1908 3019 1955 re-

349 1996 696 2062 stitutioni
743 1998 1144 2075 communia
1187 1999 1392 2082 sunt,
1443 1996 1592 2061 tum
1637 1998 1724 2069 de
1772 1990 2063 2079 utraque
2109 2013 2438 2084 seorsum,
2473 1998 2713 2062 ordine
2746 1997 2827 2077 (si
2862 1998 3019 2080 quis

350 2099 464 2167 hic
510 2104 724 2188 ordo),
771 2104 1124 2186 agendum
1171 2102 1322 2168 erit.

488 2210 633 2275 196.
683 2210 814 2275 Sed
861 2206 1024 2274 ante
1069 2210 1306 2275 omnia
1351 2210 1770 2275 admonendi
1819 2226 2079 2295 sumus,
2131 2211 2349 2274 multa
2419 2208 2571 2275 heic
2641 2224 3017 2294 occurrere,

350 2316 429 2378 ut
475 2314 668 2399 alias,
715 2315 899 2379 ultro
947 2315 1254 2397 citroque
1299 2315 1686 2396 probabilia
1718 2315 2013 2380 tantum.
2063 2316 2144 2380 In
2182 2314 2308 2395 his,
2358 2316 2416 2378 si
2447 2332 2607 2379 vere
2639 2314 3023 2397 probabilia

355 2422 540 2506 sunt,
589 2421 874 2506 utimur,
924 2423 1004 2486 ut
1049 2422 1242 2506 alias,
1291 2423 1531 2503 regula
1577 2438 1752 2503 quae
1824 2422 2188 2502 possessori
2260 2420 2489 2507 favet3
2560 2422 2792 2503 itaque
2859 2438 3022 2486 non-

353 2530 522 2592 dum
567 2528 754 2593 facta
797 2528 1256 2615 restitutione,
1306 2544 1432 2593 nec
1480 2528 1538 2593 is
1585 2528 1702 2611 qui
1751 2531 2086 2593 damnum
2134 2528 2327 2593 dedit
2372 2531 2721 2611 cogendus
2767 2528 2871 2595 est
2918 2546 3023 2593 re-

348 2635 652 2722 stituere,
699 2652 827 2702 nec
873 2634 936 2700 ei
985 2635 1103 2717 qui
1150 2636 1483 2700 damnum
1532 2634 1799 2718 accepit
1845 2635 2114 2700 occulta
2174 2635 2729 2717 compensatione
2798 2636 2897 2699 uti
2948 2633 3023 2699 li-

293 2805 304 2815 ,
349 2743 570 2807 cebit:
617 2745 688 2808 et
732 2759 821 2807 ex
867 2743 1158 2828 diversO,
1219 2742 1276 2806 si
1327 2742 1828 2826 damnificator,
1900 2759 1961 2805 v.
2033 2761 2111 2825 c.,
2183 2742 2439 2826 putans
2508 2740 3018 2807 restitutionem

349 2850 654 2914 debitam
699 2865 865 2935 esse,
913 2865 1068 2914 eam
1115 2847 1372 2928 fecerit,
1423 2850 1665 2914 melior
1710 2851 1844 2914 erit
1890 2849 2316 2914 damnificati
2386 2849 2801 2931 possidentis
2868 2865 3022 2914 con-

349 2956 544 3021 ditio.
589 2955 740 3021 Hoc
785 2957 1132 3038 primum:
1180 2955 1430 3020 deinde
1477 2957 1650 3037 scire
1695 2956 1984 3041 oportet,
2033 2955 2183 3020 iure
2229 2956 2583 3021 communi
2652 2953 3024 3020 restitutio-

351 3059 512 3128 nem
560 3065 648 3129 ob
694 3064 1027 3128 damnum
1105 3063 1365 3127 iniuria
1439 3063 1681 3128 datum
1756 3079 2053 3145 poenam
2122 3063 2473 3136 continere
2540 3061 2774 3127 stricte
2843 3079 3024 3128 sum-

431 3300 522 3379 (5)
565 3300 642 3360 V.
685 3299 1102 3378 Lugo,.Disp.
1166 3299 1286 3376 XI,
1353 3299 1514 3362 Sect.
1577 3299 1631 3359 Ι.

353 3377 492 3438 Non
535 3381 686 3440 item
707 3383 996 3458 corporis,
1023 3381 1363 3456 libertatis„
1400 3382 1630 3456 animi3

351 3459 552 3518 veluti
589 3463 648 3520 si
687 3463 829 3536 quis
891 3460 1074 3520 alteri
1137 3462 1476 3520 membrum
1537 3481 1634 3519 ru-

351 3541 466 3617 pit,
509 3542 565 3598 si
627 3560 768 3599 eum
835 3542 1102 3600 coniecit
1169 3543 1234 3600 in
1303 3560 1630 3615 carcerem,

353 3619 452 3678 vel
474 3619 656 3680 malis
679 3621 924 3680 artibus
947 3621 1352 3680 dementavit:
1383 3623 1438 3679 is
1468 3623 1630 3680 enim

351 3703 613 3775 malum,
653 3721 776 3760 non
839 3701 1147 3775 damnum,
1216 3702 1424 3760 infert.
1490 3700 1629 3760 Nisi

351 3779 512 3838 forte
555 3799 694 3840 cum
735 3781 894 3840 malo
935 3783 1228 3840 damnum
1275 3801 1516 3856 quoque
1547 3784 1632 3840 sit

351 3858 614 3936 illatum,
658 3861 836 3920 velut
899 3863 953 3920 si
1016 3863 1260 3938 pictori,
1323 3863 1629 3936 sarcitori,

351 3943 722 4018 exscriptori
753 3941 1033 4018 pollicem
1055 3941 1350 4000 dexterae
1391 3961 1630 4015 manue,

352 4025 466 4077 aut
506 4020 728 4081 fossori
770 4042 1018 4080 manum
1061 4022 1445 4096 abscideris;
1491 4041 1632 4080 nam

353 4101 452 4158 his
493 4101 808 4178 impensas
850 4103 916 4160 in
959 4104 1280 4161 curatione
1321 4101 1543 4175 factaS,
1570 4108 1633 4160 et

351 4199 569 4256 operas
611 4183 840 4258 quibus
880 4188 1098 4241 carent
1139 4187 1254 4242 aut
1293 4190 1635 4242 caruerunt

351 4265 467 4319 aut
506 4261 773 4320 carituri
815 4268 982 4336 sunt,
1027 4262 1359 4322 refundere
1390 4263 1592 4321 debet.

432 4341 521 4421 (6)
565 4341 625 4401 S.
667 4341 876 4419 Alph.,
921 4342 1050 4415 III,
1095 4343 1232 4402 548.

432 4421 521 4499 (7)
561 4421 756 4498 Less„
801 4421 890 4498 ΙΙ,
935 4423 990 4498 7,
1037 4423 1132 4498 193
1202 4423 1398 4500 Lug0,
1445 4421 1632 4496 VIII,

349 4500 445 4559 25.
489 4503 834 4579 Aequisitio
876 4508 932 4562 et
971 4505 1229 4562 retentio
1251 4521 1272 4560 .·
1334 4502 1471 4561 ideo
1513 4504 1634 4560 huc

351 4599 472 4640 non
541 4584 836 4658 pertinet,
908 4602 984 4641 ex
1056 4585 1116 4640 10
1182 4585 1287 4658 qui
1358 4583 1635 4660 precario

345 4679 476 4720 rem
518 4663 814 4738 possidet,
861 4682 919 4722 v.
963 4682 1032 4737 c.,
1078 4663 1442 4740 depositam,
1485 4681 1636 4720 com-

347 4740 674 4818 modatam,
718 4742 1021 4800 locatam:
1087 4763 1216 4820 neo,
1281 4764 1358 4802 ex
1421 4743 1482 4800 2⁰
1523 4743 1634 4818 qui

1743 3320 1880 3360 eam
1921 3302 2043 3360 rite
2086 3303 2414 3377 usucepit;
2458 3299 2558 3358 vel
2600 3305 2863 3377 paratus
2924 3305 3025 3358 est

1743 3401 1854 3440 suo
1882 3381 2142 3456 dominO,
2172 3381 2682 3456 quandocumque
2726 3399 3021 3457 apparue-

1740 3463 1847 3534 rit,
1892 3462 2247 3534 restituere.

1823 3541 1911 3619 (8)
1958 3541 2032 3601 V.
2076 3541 2259 3616 Prol.,
2304 3541 2451 3618 522.
2496 3539 2935 3614 Nihilominus,
2967 3541 3021 3598 si

1741 3623 1883 3696 quis
1900 3641 2028 3679 rem
2050 3623 2285 3679 iniuste
2300 3626 2636 3697 acceptam,
2656 3601 2860 3678 scieffis
2882 3620 3023 3678 alie-

1741 3721 1885 3759 nam
1928 3719 2079 3776 esse,
2125 3701 2513 3774 distraxerit,
2581 3703 2643 3758 in
2708 3706 3021 3777 potestate

1743 3781 1975 3840 domini
2017 3787 2131 3855 est,
2197 3781 2502 3840 adversus
2572 3801 2711 3838 eum
2780 3781 3023 3838 actione

1742 3880 1985 3937 quoque
2028 3860 2179 3919 reali
2224 3861 2433 3919 damni
2477 3880 2661 3938 agere
2686 3879 2701 3935 ;
2758 3863 2904 3935 quia
2968 3862 3024 3917 is

1743 3944 1852 4017 qui
1894 3941 2029 4000 dolo
2071 3941 2389 4018 possidere
2432 3941 2638 4016 desiit,
2684 3941 2887 3998 adhuc
2916 3959 3026 4016 pro

1742 4032 2092 4098 possessore
2135 4021 2403 4080 habetur
2466 4022 2622 4100 (LL.
2691 4021 2821 4094 174,
2892 4023 3021 4094 193,

1742 4103 1837 4159 De
1881 4103 1955 4160 R.
2002 4102 2095 4180 I.).

1825 4183 1913 4260 (9)
1958 4182 2173 4241 Veluti
2218 4183 2271 4239 si
2314 4183 2457 4256 quis
2498 4200 2645 4255 rem,
2676 4201 2861 4256 quam
2898 4198 3026 4237 sur-

1743 4263 1959 4339 ripuit,
2004 4263 2371 4320 deteriorem
2414 4263 2637 4320 fecerit
2685 4262 2819 4318 dolo
2850 4259 3024 4318 malo.

1745 4343 1831 4400 Et
1861 4343 2177 4400 interdum
2205 4343 2313 4417 qui
2342 4343 2525 4400 initio
2552 4341 2865 4418 obligatus
2902 4341 3026 4397 fuit

1743 4443 1819 4481 ex
1862 4442 1928 4480 re
1970 4424 2205 4482 iniuste
2248 4431 2521 4499 accepta,
2594 4441 2653 4479 v.
2716 4441 2785 4496 c.,
2858 4420 3027 4478 furto

1744 4501 2011 4577 sublata,
2056 4509 2289 4579 postea,
2334 4522 2386 4560 e.
2429 4524 2506 4580 g.,
2551 4521 2623 4560 ea
2666 4504 2895 4558 amissa
2925 4500 3025 4558 vel

1745 4583 2139 4659 interempta,
2172 4585 2353 4640 immo
2381 4591 2445 4640 et
2476 4582 2767 4655 alienata,
2812 4599 2889 4640 ex
2938 4582 3026 4637 in-

1745 4663 1915 4721 iusta
1958 4682 2199 4738 quoque
2241 4664 2599 4739 acceptione
2648 4661 2910 4739 obligari
2942 4662 3029 4717 in-

1745 4743 1920 4818 cipit.
