3584 5350
816 428 830 441 .
908 404 1263 451 Appnumx.
1309 406 1395 451 nn
1439 404 1961 453 pnsum-anon
2003 408 2088 451 m*
2129 404 2398 481 mimus
2865 392 2984 455 403

318 574 513 623 secus
559 555 1241 639 caritatemtantum
1291 557 1475 642 (31);
1521 555 1591 622 et
1635 574 1723 623 ne
1771 557 2130 623 caritatem
2194 558 2493 643 quidem,
2542 560 2620 645 si,
2685 562 2982 642 quadam

318 663 513 746 quasi
561 662 1142 748 compensatione,
1189 664 1385 729 alteri
1454 664 1604 745 post
1650 662 1902 730 alteros
1950 665 2023 731 in
2072 666 2142 729 id
2205 666 2754 747 conspiraverint
2815 665 2980 751 (32).

317 771 630 853 Denique
684 769 1024 836 latissima
1084 770 1593 853 significatione
1652 772 2130 853 monopolium
2203 771 2558 856 accipitur,
2608 790 2766 839 cum
2831 775 2983 856 quis

317 878 545 961 efficit,
594 877 675 943 ut
718 876 941 961 pretia
991 894 1226 943 rerum
1271 876 1598 963 crescant,
1663 896 1798 961 quo
1860 880 2005 961 ipse
2063 882 2280 961 possit
2340 858 2467 945 sua
2534 881 2758 945 carius
2825 898 2984 947 ven-

315 987 511 1071 dere;
558 986 665 1049 vel
717 981 795 1047 ut
840 982 1183 1069 laxentur,
1232 981 1311 1048 ut
1355 984 1571 1065 possit
1624 984 1855 1049 aliena
1916 984 2125 1049 vilius
2186 1002 2430 1050 emere.
2492 986 2580 1051 Et
2641 987 2771 1052 hoc
2817 1003 2980 1068 quo-

316 1107 447 1174 que
493 1094 597 1157 est
642 1090 1007 1177 illicitum3
1055 1089 1123 1156 et
1193 1090 1533 1157 iustitiam
1596 1091 1808 1156 laedit
1851 1091 1910 1157 si
1959 1090 2079 1155 flat
2134 1092 2202 1155 vi
2251 1090 2587 1173 adhibita,
2620 1092 2744 1156 aut
2803 1093 2979 1179 dolo,

315 1199 715 1279 mendaciis,
783 1198 909 1263 etc.
982 1198 1155 1278 (33):
1204 1214 1421 1282 secus,
1491 1197 1924 1283 regulariter,
1996 1198 2246 1263 caritas
2316 1198 2592 1263 tantum
2662 1216 2822 1263 eum
2893 1198 2984 1263 te-

312 1305 435 1370 net
480 1305 668 1387 (34).-

1417 1516 1898 1603 ΑΡΡΕΝΒΙΧ.

1026 1682 1121 1735 ΒΕ
1168 1682 1745 1735 ΡΕΒΜΠΤΔΤῙΟΝΕ
1809 1682 1898 1735 ΕΤ
1947 1682 2264 1735 GAMBIIS.

446 1871 593 1935 472.
643 1866 1069 1934 Permutatio
1117 1865 1259 1931 est:
1310 1863 1709 1935 Contractus
1756 1882 1884 1948 quo
1932 1882 2042 1931 res
2095 1882 2226 1945 pro
2273 1882 2349 1929 re
2393 1866 2608 1930 datur
2663 1868 2766 1931 vel
2819 1883 2981 1947 pro-
3065 1951 3070 1955 ¹

310 1976 615 2041 mittitur
665 1975 778 2056 (1).
826 1974 949 2039 Est
994 1972 1229 2038 vicina
1276 1972 1611 2056 emptioni
1658 1974 1727 2037 et
1782 1970 2167 2037 venditioni
2203 1972 2334 2057 (2),
2381 1970 2471 2055 et,
2519 1989 2608 2037 ex
2642 1972 2784 2037 NN.
2819 1974 2977 2055 LL.,

309 2083 553 2148 iisdem
602 2081 775 2146 iuris
822 2081 1078 2163 regulis
1126 2077 1459 2163 consistit,
1510 2080 1749 2161 paucis
1797 2078 2102 2161 exceptis
2148 2079 2272 2160 (3).
2323 2078 2610 2144 Constat
2656 2079 2873 2163 igitur
2905 2097 2980 2144 re

309 2191 560 2272 danda,
608 2189 678 2253 et
722 2188 1121 2271 accipienda
1172 2190 1353 2252 ultro
1400 2187 1745 2271 citroque3
1815 2187 1883 2251 et
1946 2186 2236 2268 utraque
2297 2188 2562 2272 mercia,
2627 2186 2695 2251 et
2763 2187 2968 2270 pretii

309 2295 531 2362 instar
576 2294 699 2360 est.
764 2294 1072 2376 Utraque
1135 2292 1371 2376 igitur,
1436 2310 1571 2373 qua
1632 2294 1735 2357 est
1794 2308 2066 2371 merces,
2127 2292 2332 2377 certa,
2397 2292 2473 2357 ut
2520 2292 2714 2379 alias,
2777 2291 2979 2357 debet

308 2418 475 2487 esse,
524 2402 593 2467 et
638 2398 1126 2483 permutantis3
1202 2398 1435 2480 itaque
1486 2398 1542 2461 si
1606 2398 1776 2462 mihi
1843 2398 2132 2483 dederis,
2195 2399 2318 2463 aut
2377 2398 2771 2481 promiseris
2832 2414 2974 2463 rem

307 2510 630 2591 alienam,
694 2522 973 2588 possum
1043 2520 1266 2570 meam
1330 2521 1468 2569 non
1534 2505 1717 2591 dare,
1787 2507 1896 2570 vel
1958 2506 2192 2569 datam
2255 2506 2614 2570 condicere
2661 2504 2775 2586 (4).
2825 2504 2979 2580 Qua

303 2616 607 2699 pretium
655 2614 777 2700 est,
826 2614 1188 2696 utriusque
1234 2614 1429 2678 valor
1482 2610 2022 2699 eertumfprout
2086 2611 2159 2678 in
2220 2612 2568 2697 emptione
2614 2613 2684 2678 et
2742 2612 2976 2678 vendi·
3019 2634 3024 2639 ·

308 2725 515 2807 tione,
563 2725 631 2788 et
706 2723 989 2807 iustum,
1044 2737 1162 2786 seu
1234 2721 1590 2802 aequalem
1660 2735 1806 2785 esse
1874 2721 2174 2802 oportet:
2248 2721 2502 2805 itaque,
2551 2721 2606 2784 si
2679 2736 2788 2786 res
2853 2725 2972 2786 tua

304 2831 523 2914 pluris
571 2831 817 2914 valeat,
862 2841 933 2894 et
978 2845 1101 2910 pro
1144 2845 1226 2892 eo
1272 2829 1455 2910 quod
1501 2828 1831 2912 superest,
1881 2827 2188 2908 pecunia·
2219 2825 2439 2911 detur,
2474 2827 2543 2891 et
2574 2843 2704 2908 ego
2735 2843 2860 2908 pro
2891 2842 2974 2890 ea

386 3043 515 3120 (31)
558 3041 745 3118 Moli„
792 3040 869 3100 D.
914 3041 1064 3113 345;
1108 3039 1304 3112 Lesa,
1348 3037 1443 3112 ΙΙ,
1484 3039 1579 3113 21,
1689 3055 2046 3096 concessum
2089 3034 2300 3111 fuerit,
2332 3039 2398 3095 et
2425 3037 2592 3094 iusto
2619 3035 2839 3112 preti03
2873 3035 2973 3095 vel

309 3121 820 3201 1453Regina1d.‚
845 3121 938 3194 25,
964 3119 1099 3194 328,
1116 3119 1311 3196 LugO,
1330 3117 1579 3193 XXVI,
1690 3138 1727 3176 a
1770 3118 2070 3195 principe,
2118 3115 2216 3174 vel
2273 3115 2654 3192 prudentum
2710 3115 2972 3174 arbitrio

310 3205 454 3278 1723
500 3204 559 3262 S.
604 3201 808 3279 Alph.,
854 3199 981 3276 III,
1024 3199 1161 3258 817.
1692 3202 1997 3271 taxatum,
2042 3201 2408 3255 exerceatur
2429 3195 2650 3274 (Lesa,
2681 3197 2776 3270 21,
2810 3195 2970 3274 149).

386 3283 515 3364 (32)
558 3282 763 3358 Salm.,
812 3283 901 3354 14,
954 3281 1011 3354 2,
1055 3281 1149 3337 56.
1197 3278 1581 3356 Supremam,
1693 3277 1814 3336 Cui
1856 3283 2065 3336 autem
2108 3295 2469 3335 concessum
2510 3285 2626 3350 est,
2673 3276 2728 3334 si
2771 3296 2848 3334 ex
2877 3295 2984 3334 su:

306 3365 405 3423 vel
446 3362 744 3436 infimum,
788 3380 1005 3436 nempe
1048 3359 1211 3435 quod
1267 3358 1393 3417 tale
1414 3365 1583 3417 esset
1692 3365 1904 3435 scepto
1958 3355 2155 3415 officio
2212 3355 2530 3434 obligatur
2584 3375 2818 3414 merces
2875 3375 2974 3414 ve-

193 3465 204 3477 ·
304 3443 543 3504 secluso
585 3463 654 3502 eo
695 3440 1035 3518 monopolio
1079 3439 1284 3517 (Lugo
1328 3438 1579 3513 XXVI,

384 3525 929 3682 (33)Less.,11,21,
952 3599 1066 3658 153
1084 3619 1098 3675 ;
1116 3599 1311 3676 Lugo,
1330 3596 1580 3672 XXVI,

306 3685 438 3742 179.
469 3683 554 3744 Ut
584 3703 741 3756 ecce,
786 3683 840 3741 si
872 3679 1028 3739 falso
1070 3681 1137 3737 in
1167 3679 1398 3756 vulgus
1416 3697 1581 3755 spar-

301 3766 475 3838 serit,
540 3763 841 3823 finitimas
896 3761 1180 3837 regiones
1237 3760 1445 3834 inopia
1499 3757 1583 3815 la-

300 3847 517 3903 borare
534 3864 548 3918 ;
568 3861 760 3902 naves
784 3841 1096 3901 frumento
1121 3843 1399 3913 onustas,
1419 3857 1578 3914 quae

300 3927 515 3984 urbem
564 3925 881 4002 petebant,
911 3919 1313 3996 naufragium
1335 3917 1578 3992 fecisse3

299 4005 401 4066 vel
445 4011 680 4064 contra.
725 4003 791 4062 Si
846 4001 1033 4059 minis
1088 3999 1392 4058 adhibitis
1456 4007 1581 4056 coe·

298 4087 469 4163 gerit
508 4085 868 4144 venditores
912 4081 989 4139 ab
1033 4080 1183 4138 urbe
1240 4079 1576 4153 discedere,

300 4164 401 4226 vel
426 4165 506 4224 ad
535 4185 671 4224 eam
693 4163 985 4223 accedere
1017 4159 1425 4236 prohibuerit,
1458 4165 1576 4218 etc.

380 4245 510 4324 (34)
554 4245 758 4319 Salm.,
807 4245 903 4317 14,
945 4241 1000 4315 2,
1045 4239 1140 4298 53.
1186 4239 1279 4299 Ut
1333 4258 1473 4298 ecce
1524 4239 1578 4298 si

298 4327 619 4404 rogaverit
661 4329 1038 4383 mercatores
1082 4319 1202 4378 alio
1244 4319 1577 4388 divertere.

298 4407 385 4464 Et
429 4426 506 4465 ne
548 4407 783 4466 caritas
825 4401 1091 4480 quidem,
1150 4400 1205 4458 si
1260 4399 1580 4478 rogaverit

296 4487 378 4545 ad
420 4486 555 4545 loca
596 4487 911 4544 divertere
967 4481 1320 4540 laborantia
1365 4479 1577 4537 eadem

288 4567 507 4644 inopia
551 4567 756 4645 (Lugo
814 4560 1067 4638 XXVI,
1132 4560 1291 4637 179).
1336 4559 1457 4617 Est
1512 4567 1576 4617 et

295 4647 469 4706 aliud
513 4643 939 4722 monopolium,
984 4641 1147 4716 q'uod
1196 4639 1447 4717 publica
1476 4659 1577 4696 au-

294 4729 591 4788 ctoritate
636 4729 980 4785 exercetur.
1022 4721 1157 4780 Hoc
1181 4721 1417 4778 iustum
1439 4738 1574 4778 esse

296 4829 469 4868 nemo
512 4807 781 4881 dubitat,
828 4805 881 4862 si
925 4805 991 4860 et
1031 4821 1107 4860 ex
1156 4802 1326 4858 iusta
1383 4817 1573 4858 causa

1690 3438 1866 3496 nales
1889 3437 2134 3512 habere,
2159 3435 2305 3494 huic
2321 3436 2472 3494 licet
2495 3435 2779 3493 nonnihil
2810 3434 2970 3512 plus,

1691 3537 1878 3594 quam
1901 3518 2146 3591 ceteris,
2169 3517 2378 3574 carius
2413 3514 2678 3574 vendere
2696 3515 2970 3594 (Bonac.;

1692 3597 1895 3672 Salm.,
1945 3599 2036 3670 14,
2081 3598 2138 3670 2,
2179 3597 2303 3670 46).

1770 3677 1860 3756 (1)
1903 3675 1971 3736 C.
2015 3675 2100 3736 It.
2147 3676 2331 3750 15493
2389 3675 2466 3734 V.
2515 3673 2583 3734 O.
2641 3674 2736 3749 G„
2798 3675 2970 3735 1702.

1690 3759 2114 3830 Promittttur,
2160 3775 2378 3832 nempe
2443 3755 2768 3830 tradenda,
2827 3775 2970 3814 nam

1690 3839 1745 3896 si
1787 3839 2004 3896 davida
2045 3835 2214 3895 idest
2254 3834 2668 3912 permutanda
2725 3837 2972 3911 promite

1689 3919 1870 3992 titur,
1901 3917 2102 3993 magis
2130 3917 2455 3992 promissio
2484 3917 2969 3992 permutationis

1688 4004 1804 4071 est,
1850 4016 2035 4072 quam
2079 3997 2475 4072 permutatiO.

1768 4077 1856 4154 (2)
1934 4075 2006 4134 L.
2065 4077 2118 4150 2,
2183 4079 2242 4134 h.
2299 4082 2339 4133 t.
2403 4076 2522 4152 (De
2575 4093 2786 4134 rerum
2829 4095 2971 4153 per-

1686 4157 1952 4236 mutat.).
1999 4157 2086 4214 Et
2114 4157 2294 4230 quasi
2352 4160 2572 4214 mutua
2615 4157 2846 4232 emptio
2902 4162 2970 4214 et

1688 4237 1971 4296 venditio
2015 4237 2115 4310 (L.
2162 4235 2254 4310 19,
2301 4235 2340 4312 ἓ
2384 4238 2438 4304 5,
2485 4235 2579 4294 De
2635 4237 2834 4294 Aedil.
2893 4237 2970 4294 Ε-

1685 4321 1861 4392 diem
1903 4317 1976 4375 L.
2021 4317 2074 4392 2,
2122 4317 2189 4374 C.
2234 4319 2294 4374 h.
2337 4317 2425 4394 t.).

1768 4397 1857 4476 (3)
1929 4395 1997 4456 C.
2069 4395 2162 4470 Gn,
2223 4395 2410 4470 1707;
2467 4394 2571 4471 It.,
2633 4396 2832 4469 1555;
2893 4395 2967 4454 V.

1685 4476 1910 4554 Tropl.,
1957 4479 2016 4535 h.
2059 4482 2100 4534 t.
2145 4478 2184 4554 ξ
2228 4476 2282 4552 2,
2328 4482 2446 4535 etc.

1766 4557 1856 4636 (4)
1901 4557 1972 4616 L.
2035 4559 2085 4630 1,
2143 4559 2202 4614 h.
2245 4561 2337 4634 t.;
2378 4555 2446 4614 C.
2490 4555 2584 4630 G„
2633 4555 2818 4630 1704;
2864 4554 2966 4630 It.,

1688 4639 1860 4696 1551.
1905 4636 2080 4696 Idem
2132 4637 2291 4694 iuris
2333 4641 2431 4694 est
2463 4637 2517 4694 si
2547 4635 2794 4714 pignori
2823 4634 2968 4693 obli-

1684 4723 1836 4796 gata
1867 4719 1954 4776 sit
1979 4736 1990 4776 ε
2036 4718 2160 4776 nisi
2188 4715 2350 4776 forte
2373 4715 2526 4774 mihi
2557 4715 2968 4774 satisdederis

1686 4798 1936 4876 (Tropl.,
1982 4799 2104 4877 22).
