3584 5350
583 318 701 376 462
823 334 1023 377 mnan
1066 333 1163 376 111.
1194 352 1232 364 -
1259 331 1493 377 mmr.
1536 331 1609 377 11.
1650 331 1783 377 'rm
1825 330 1888 375 X.
1933 329 2019 375 nn
2059 328 2550 393 cosma-nus
2592 322 2988 375 Anulis-onus

587 498 775 548 error
819 480 1295 547 substantialis
1340 480 1443 546 est
1488 480 1611 565 (6).
1666 482 1986 565 Domum,
2049 494 2200 565 quit
2245 479 2348 549 est
2407 480 2813 560 contractus
2855 442 3245 564 aleatorius,

586 588 987 671 vitalitium,
1035 606 1176 654 non
1226 589 1298 653 in
1347 588 1612 654 certum
1658 605 1739 655 ac
1786 587 2151 653 definitum
2203 587 2476 671 tempus
2517 586 3080 653 constituendum
3122 586 3256 670 ως

458 738 464 745 -
586 700 707 762 sed
753 698 839 762 ad
885 698 1103 762 vitam
1150 714 1271 762 seu
1316 694 1763 778 stipulatoris,
1811 712 1934 762 seu
1981 697 2129 763 eius
2176 697 2288 760 cui
2338 697 2396 761 is
2440 694 2832 781 stipulatur,
2879 713 2999 761 seu
3038 694 3242 761 etiam

592 801 775 867 tertii
828 802 947 887 (7).

720 912 869 974 554.
919 908 1334 994 vitalitium,
1382 910 1440 974 si
1486 926 1640 975 sors
1686 910 1759 975 in
1807 927 1884 975 re
1927 912 2054 977 soli
2088 910 2423 994 consistit,
2453 908 2612 992 eget
2649 910 3022 997 scriptura3
3055 926 3250 975 secus

586 1018 643 1080 si
694 1018 766 1080 in
814 1034 889 1081 re
936 1018 1171 1082 mobili
1223 1018 1341 1101 (8).
1405 1018 1639 1099 quue
1700 1018 1894 1101 init0,
1941 1016 2210 1083 debitor
2269 1016 2623 1083 cautiones
2684 1016 3000 1083 creditori
3065 1032 3249 1099 prae-

584 1122 767 1189 stare
813 1124 1014 1189 debet
1060 1140 1230 1206 quas
1276 1124 1589 1205 promisit
1638 1122 1772 1210 (9);
1821 1124 1891 1189 et
1934 1124 2228 1189 subinde
2275 1124 2638 1205 pensiones
2701 1126 2925 1206 quoad
2993 1122 3250 1188 vixerit

586 1232 665 1315 is,
699 1234 788 1296 ad
818 1232 1016 1297 cuius
1048 1232 1265 1297 vitam
1299 1230 1755 1296 constitutum
1789 1231 1941 1296 fuit.
1976 1230 2348 1297 Pensiones
2393 1232 2626 1296 autem
2658 1232 2734 1313 in
2773 1232 2917 1296 dies
2957 1232 3244 1299 cedunt:

588 1352 823 1401 verum
874 1337 930 1401 si
980 1335 1377 1402 convenerit
1425 1336 1503 1400 ut
1542 1337 1974 1419 praestentur
2023 1336 2222 1400 initio
2254 1337 2584 1419 cuiusque
2614 1337 2783 1401 anni
2829 1339 2936 1402 vel
2971 1336 3246 1413 mensis,

586 1458 665 1507 eo
712 1442 1054 1524 veniente,
1102 1442 1337 1509 statim
1388 1445 1697 1526 integrae
1744 1442 1958 1511 totius
2004 1444 2171 1508 anni
2220 1444 2330 1508 vel
2383 1445 2639 1511 mensis
2687 1430 3036 1510 'debentur
3081 1440 3245 1526 (10).

725 1553 872 1616 555.
924 1551 1183 1617 Census
1230 1552 1571 1616 vitalitius
1618 1551 1721 1616 est
1769 1550 2260 1635 irredimibilis,
2309 1550 2459 1615 tum
2507 1568 2596 1616 ex
2642 1549 2834 1633 parte
2894 1549 3248 1615 creditoris

537 1741 543 1745 ⁵
590 1657 647 1720 si
694 1658 961 1723 debitor
1007 1658 1217 1723 fuerit
1265 1659 1337 1722 in
1384 1674 1579 1722 mora
1622 1657 1957 1742 solvendi,
2007 1658 2154 1723 tum
2203 1674 2292 1723 ex
2337 1662 2530 1739 parte
2577 1657 2903 1723 debitoris
2957 1657 3013 1721 si
3075 1656 3248 1721 forte

585 1764 645 1828 is
691 1766 845 1846 plus
892 1780 1109 1846 aequo
1180 1781 1259 1829 eo
1322 1766 1590 1829 onerari
1648 1764 1951 1846 coeperit
2013 1764 2192 1847 (11):
2264 1764 2399 1829 nisi
2462 1762 2635 1829 forte
2703 1763 3123 1847 convenerit,
3173 1763 3250 1827 ut

585 1887 731 1937 sors
776 1873 852 1937 in
900 1872 1111 1953 priori
1160 1888 1323 1936 casu
1370 1870 1585 1953 repeti
1634 1871 1800 1957 (12),
1834 1872 1907 1936 in
1941 1870 2299 1954 posteriori
2356 1868 2625 1936 restitui
2674 1872 2811 1953 (13)
2873 1870 3107 1952 possit.
3161 1868 3251 1932 At

586 1978 999 2043 rescinditur
1059 1980 1116 2043 si
1180 1977 1445 2043 debitor
1506 1978 1874 2059 promissas
1933 1979 2287 2044 cautiones
2349 1994 2484 2043 non
2557 1978 2972 2060 praestiterit
3040 1976 3248 2041 credi-

590 2083 719 2148 tori
752 2084 934 2170 (14),
969 2086 1077 2149 vel
1108 2084 1187 2161 si,
1222 2085 1426 2166 culpa
1456 2101 1583 2149 sua
1612 2085 2012 2171 diminutas,
2048 2086 2452 2166 postea-non
2486 2082 3057 2167 redintegraverit
3087 2083 3245 2163 (15).

588 2188 685 2255 Eo
731 2192 965 2255 autem
1015 2193 1318 2277 rescisso,
1368 2191 1571 2255 sortis
1616 2208 1659 2255 a
1704 2190 2010 2257 debitore
2056 2192 2349 2278 inteqra,
2399 2193 2806 2273 pensionum
2841 2207 2884 2255 a
2913 2178 3248 2255 creditore
3363 2172 3374 2186 ’

586 2300 783 2363 mella
828 2298 1149 2379 repetitio
1191 2296 1293 2362 est
1338 2299 1494 2379 (16).
1544 2298 1820 2363 Finitur
1875 2300 2105 2364 autem
2152 2299 2372 2365 morte
2431 2298 2754 2365 naturali·
2793 2298 2940 2363 eius
3000 2298 3084 2361 ad
3136 2313 3251 2361 cu-

588 2404 695 2468 ius
740 2403 957 2469 vitam
1029 2403 1252 2471 fuerat
1316 2402 1734 2470 constitutus
1797 2404 1978 2491 (17),
2051 2422 2286 2470 verum
2343 2406 2400 2469 si
2448 2404 2817 2487 stipulatus
2863 2402 3071 2470 fuerit
3117 2404 3246 2469 sibi

586 2507 654 2572 et
700 2510 841 2593 alii,
890 2529 953 2573 v.
1002 2528 1081 2597 c.,
1144 2512 1367 2595 uxori,
1416 2512 1526 2575 vel
1585 2512 1856 2576 duobus
1917 2511 2145 2598 simul,
2193 2528 2338 2575 una
2395 2494 2784 2592 'praestatio
2842 2526 2988 2575 esse
3057 2508 3250 2574 intel-

590 2617 867 2705 ligitur3
946 2618 1098 2684 ideo
1174 2635 1315 2683 uno
1390 2616 1685 2702 mortuo,
1770 2617 2056 2684 debetur
2124 2617 2272 2685 tota
2323 2617 2671 2700 superstiti
2726 2618 2891 2699 (18):
2963 2618 3248 2682 demum

584 2723 931 2789 amittitur
976 2725 1135 2805 (nisi
1183 2725 1258 2789 in
1308 2725 1466 2790 foro·
1507 2725 1968 2791 conscientiae
2029 2739 2119 2790 m.
2168 2725 2214 2790 f.
2277 2724 2644 2803 obstiterit)
2713 2724 3250 2814 praescriptione

584 2848 744 2896 ann.
798 2833 881 2895 30
929 2833 1089 2913 (19).
1666 2893 1671 2896 .

718 2941 867 3003 556.
916 2939 1266 3004 Hactenus
1314 2941 1399 3004 de
1445 2939 1744 3005 vitalitio
1793 2941 2066 3023 proprio
2114 2938 2183 3004 et
2235 2940 2474 3004 stricta
2529 2937 3062 3020 significatione:
3127 2937 3242 3001 sed

582 3044 651 3109 et
698 3043 1127 3110 testamentis
1175 3047 1245 3109 et
1288 3047 1800 3133 donationibuS,
1849 3048 1998 3113 sine
2061 3045 2300 3130 pretio,
2350 3044 2695 3111 interdum
2759 3043 3240 3109 constituitur:

584 3168 827 3216 verum
872 3150 1199 3216 neutrum
1244 3152 1331 3215 ad
1380 3153 1771 3218 contractus
1833 3153 2198 3218 aleatorios
2257 3153 2574 3234 pertinet.
2623 3152 2724 3215 De
2770 3167 2849 3215 eo
2912 3151 3096 3231 quod
3159 3149 3250 3213 te·

664 3361 752 3439 (6)
782 3359 985 3432 Poth„
1014 3363 1073 3418 h.
1102 3367 1162 3436 t.,
1194 3362 1341 3436 2153
1376 3362 1600 3439 Tropl.,
1645 3363 1779 3421 263.
2051 3363 2180 3442 (13)
2223 3362 2532 3442 Casareg„
2577 3361 2618 3440 ξ
2659 3361 2808 3438 322;
2850 3359 3075 3438 Tropl.,
3112 3360 3248 3418 326.
3327 3407 3336 3416 .

664 3443 752 3520 (7)
798 3441 865 3501 Ο.
917 3439 1009 3515 6.,
1072 3442 1256 3518 1971;
1321 3442 1403 3501 It.
1471 3444 1656 3520 1792;
1718 3444 1860 3519 Au.,
1971 3441 2152 3515 Quod
2195 3443 2478 3502 nonnulli
2521 3461 2844 3520 perperam
2885 3447 3150 3518 negant.

586 3523 757 3581 1285.
1591 3553 1599 3560 ·
2053 3523 2181 3602 (14)
2224 3521 2424 3598 Poth„
2469 3543 2529 3580 n.
2573 3521 2722 3594 2283
2780 3520 2847 3581 C.
2904 3519 3004 3595 6.,
3062 3521 3248 3594 1971;

664 3603 751 3679 (8)
796 3601 863 3659 C.
908 3601 1009 3674 It„
1058 3601 1243 3676 1314;
1286 3601 1583 3678 Mazzoni,
1616 3603 1733 3678 ·VI,
1765 3605 1862 3664 90.
1971 3603 2074 3677 It„
2124 3603 2295 3661 1796.
2339 3604 2475 3660 Aut
2502 3602 2843 3680 praestitas
2871 3600 3248 3659 deminuerit

663 3681 751 3760 (9)
796 3681 862 3739 O.
908 3680 1001 3756 6.,
1050 3681 1235 3755 1977;
1279 3682 1379 3756 It.,
1429 3684 1600 3741 1796.
1971 3683 2096 3762 (Ex
2141 3682 2207 3740 O.
2253 3682 2345 3757 6.,
2407 3681 2578 3757 1912,
2641 3681 2710 3754 3;
2772 3680 2874 3752 It„
2943 3679 3116 3754 1785,
3179 3681 3248 3753 33

662 3761 791 3838 (10)
835 3761 903 3818 O.
948 3759 1041 3834 6.,
1091 3761 1279 3838 1980;’
1314 3763 1397 3822 It.
1457 3764 1627 3822 1799.
1673 3761 1859 3838 Quid,
1970 3763 2193 3840 Tropl„
2240 3761 2401 3839 291).
2759 3783 2766 3792 ·

582 3842 637 3898 si
680 3860 748 3898 eo
792 3840 909 3914 die,
961 3845 1175 3918 coepto
1232 3844 1497 3919 quidem,
1555 3844 1662 3902 sed
1720 3863 1864 3902 non·
2049 3843 2178 3922 (15)
2209 3841 2498 3916 Durant.,
2542 3839 2796 3915 XVIII,
2845 3839 3246 3916 1633Tr0p1.,

582 3922 727 3979 dum
758 3920 983 3998 elapSO,
1016 3921 1287 3981 creditor
1316 3926 1451 3982 vita
1479 3923 1861 3983 decesserit?
1969 3923 2118 3997 291;
2165 3923 2375 3996 zach„
2415 3921 2549 3996 390,
2594 3942 2654 3978 n.
2697 3922 2753 3978 4.

583 3999 851 4074 Quidam
884 4001 1037 4058 nihil
1090 4003 1301 4061 deberi
1349 4009 1580 4080 putant
1628 4004 1858 4082 (Zach.,
2051 4003 2180 4082 (16)
2243 4001 2468 4080 TropL,
2539 4001 2687 4074 2983
2743 3999 3034 4068 Durant.‚
3103 3999 3249 4073 1643

581 4083 715 4155 389,
761 4103 821 4140 n.
875 4085 904 4138 1
926 4101 939 4156 ;
998 4081 1220 4159 Tropl.,
1285 4084 1445 4162 336),
1512 4085 1656 4158 quia
1718 4104 1863 4143 non·
1971 4082 2270 4159 Mazzoni,
2315 4081 2429 4156 VI,
2473 4081 2568 4139 94.

581 4162 727 4218 dum
751 4162 918 4240 exigi
942 4167 1207 4239 poterat.
1224 4163 1353 4220 Alii
1371 4165 1857 4242 contra(Mourl.,
2049 4164 2179 4240 (17)
2223 4162 2428 4236 Zach.,
2474 4161 2514 4238 ξ
2555 4160 2690 4219 389.
2735 4161 2824 4218 Et
2865 4161 2919 4218 si
2976 4160 3251 4219 creditor

582 4239 708 4314 ΙΙΙ,
744 4243 914 4316 1038;
947 4243 1156 4317 Mazz.,
1192 4243 1302 4317 VI,
1335 4245 1455 4323 93),
1486 4245 1713 4322 quippe
1738 4265 1860 4304 ces·
1969 4262 2038 4301 eo
2081 4243 2286 4301 adhuc
2327 4243 2473 4300 vivo
2517 4241 2872 4316 decesserit,
2904 4242 3142 4299 transit
3170 4239 3251 4298 ad

582 4327 769 4396 serat,
815 4324 934 4380 etsi
980 4323 1250 4380 nondum
1281 4331 1558 4399 venerat,
1590 4325 1741 4382 dies.
1773 4325 1861 4383 Et
1968 4323 2247 4382 heredes.
2291 4323 2381 4381 Et
2436 4323 2489 4380 si
2545 4321 2931 4380 constitutus
2987 4319 3116 4379 fuit
3171 4320 3252 4378 ad

585 4403 797 4460 verius
842 4403 943 4478 (V.
976 4405 1013 4478 ξ
1057 4404 1195 4478 358,
1237 4423 1343 4461 nn.
1386 4405 1479 4477 36,
1525 4405 1647 4482 40).
1969 4405 2168 4463 vitam
2211 4402 2557 4475 creditoris,
2588 4400 2775 4458 huius
2803 4405 3001 4458 morte
3030 4397 3253 4459 finitur

662 4483 789 4559 (11)
834 4481 901 4542 O.
946 4483 1039 4557 6.,
1090 4483 1259 4558 1978,
1308 4485 1493 4557 1979;
1537 4483 1639 4558 It,
1688 4485 1858 4557 1797,
1970 4483 2064 4562 (C.
2111 4483 2209 4558 6.,
2256 4482 2441 4554 1982;
2485 4481 2587 4556 It„
2637 4479 2836 4560 1001).

524 4579 534 4590 ·
586 4562 756 4618 1798.
2049 4565 2178 4644 (18)
2223 4563 2423 4636 Foth„
2468 4551 2528 4618 n'.
2572 4561 2720 4630 242;
2765 4559 2990 4638 Tropl.,
3035 4561 3172 4618 245.

664 4643 791 4720 (12)
862 4643 1085 4719 Tropl,
1159 4647 1217 4702 le.
1288 4651 1347 4718 t„
1418 4645 1568 4718 3103
1652 4643 1859 4718 Zach„
2050 4646 2179 4723 (19)
2209 4643 2499 4716 Durant.,
2546 4640 2802 4716 XVIII,
2838 4641 2983 4715 1725
3029 4639 3234 4716 Tropl.

580 4721 715 4794 390,
760 4743 819 4780 n.
861 4725 918 4780 8.
1971 4724 2294 4798 Prescrc’z.,
2337 4725 2388 4798 1,
2431 4722 2543 4796 82;
2593 4720 2803 4796 Zach„
2861 4719 2996 4794 390,
3041 4739 3102 4778 n.
3163 4719 3254 4818 10}
