3584 5350
644 345 761 404 302
846 361 1044 405 LIBER
1076 361 1174 404 111.
1204 381 1239 392 -
1270 362 1501 406 TRAo‘r.
1534 363 1604 406 11.
1634 363 1763 406 TIT.
1795 362 1888 406 vr.
1919 359 2005 404 nn
2033 359 2261 404 umus.
2292 356 2664 406 VOLUNTAT.
2697 362 2926 423 Acme„
2958 360 3099 406 nro,

780 510 929 576 358.
999 511 1109 574 Ad
1169 509 1277 576 11¹³
1337 527 1557 594 genus
1603 510 1991 593 legatorum
2051 509 2400 590 pertinent
2453 498 2826 594 meristrua,
2887 510 2997 573 vel
3069 525 3318 573 annua

641 615 903 699 legata:
967 633 1161 700 quae,
1210 615 1491 695 scilicet,
1556 617 1851 699 relinqui
1918 617 2141 682 solent
2202 615 2276 681 in
2338 617 2648 699 singulos
2711 633 3000 698 menseS,
3063 631 3311 698 annOS,

642 723 1135 807 quinquennia,
1168 726 1279 789 vel
1326 724 1399 789 in
1434 725 1615 789 diem
1663 741 1840 808 quae
1872 724 2098 814 redire
2143 722 2334 806 solet,
2384 721 2554 805 puta
2599 721 2873 808 natalis,
2905 724 3018 787 vel
3063 721 3313 786 mortis

640 847 833 916 suae3
866 833 975 896 vel
1010 832 1237 914 quoad
1260 832 1525 914 aliquid
1556 831 1691 916 fiet,
1726 849 1790 895 v,
1826 847 1906 915 c.,
1941 833 2158 896 donec
2180 831 2457 914 vixerit,
2484 832 2708 914 quoad
2742 831 2960 895 nubat
2983 829 3152 912 (33),
3179 827 3312 893 etc.

639 936 902 1020 Legata
961 937 1359 1002 huiusmodi
1422 935 1525 1002 tot
1580 953 1725 1003 esse
1779 936 2272 1022 intelliguntur
2319 938 2484 1020 quot
2537 936 2701 1001 sunt
2757 953 3052 1020 „mensea
3116 935 3312 1018 anni,

641 1042 1119 1126 quinquennia
1151 1044 1330 1127 (34):
1378 1061 1751 1126 eorumque
1790 1043 1936 1110 dies
1982 1043 2157 1110 cedit
2187 1042 2298 1124 (V.
2333 1045 2538 1130 Proh,
2572 1043 2607 1125 ξ
2639 1046 2724 1108 40
2757 1061 2825 1109 n.
2862 1045 2975 1126 20)
3025 1041 3316 1107 ineunte

640 1150 948 1233 quolibet
994 1168 1247 1236 mense,
1296 1167 1501 1236 anne,
1549 1153 1673 1216 etc.
1725 1150 1892 1237 (35),
1939 1169 2022 1217 ac
2082 1151 2369 1234 proinde
2416 1149 2770 1234 integrum
2815 1151 2964 1216 eius
3029 1149 3312 1230 mensiS,

639 1259 829 1338 anni,
878 1261 1003 1323 etc.
1038 1257 1343 1344 debetur,
1378 1257 1506 1323 etsi
1554 1258 1932 1340 legatarius
1964 1258 2038 1323 in
2086 1259 2235 1340 ipso
2267 1259 2578 1340 ingressu
2619 1244 2895 1342 mensiS,
2933 1258 3124 1341 anni,
3155 1259 3312 1340 etc.,

640 1364 929 1429 mortem
996 1363 1245 1430 obierit
1291 1361 1467 1448 (36).
1506 1365 1777 1446 Species
1821 1347 2032 1448 legati
2082 1364 2299 1430 annui
2349 1363 2512 1429 sunt
2571 1363 2804 1448 legata
2849 1361 3310 1446 ususfructuS,

638 1471 708 1536 et
770 1472 1280 1537 alimentorum.
1346 1471 1537 1546 Quid·
1590 1472 2024 1537 ususfructus
2085 1472 2547 1554 appellatione
2615 1469 3073 1557 contineatur,
3135 1471 3314 1534 alias

639 1575 737 1659 (ξς
790 1579 1099 1660 157-165)
1165 1577 1310 1642 dixi
1378 1577 1541 1659 (37).
1606 1577 2139 1658 Alimentorum,
2203 1595 2322 1642 seu
2369 1579 2596 1644 victus
2658 1576 3120 1659 appellatione
3153 1593 3314 1642 con-

640 1684 950 1755 tinentur
994 1701 1079 1749 ea
1124 1683 1378 1768 omnia,
1426 1684 1577 1750 sine
1636 1686 1888 1767 quibus
1950 1685 2064 1770 ali,
2123 1685 2356 1750 vivere
2415 1702 2620 1751 nemo
2681 1684 2934 1771 potest3
2999 1685 3310 1766 ideoque,

638 1791 896 1856 nedum
943 1790 1081 1882 cibi
1128 1793 1197 1856 et
1242 1791 1509 1876 vinum,
1557 1792 1676 1857 sed
1721 1792 1789 1857 et
1839 1792 2242 1857 vestiarium
2291 1791 2458 1876 (38).
2509 1783 2727 1857 Multa
2757 1791 3028 1857 suntin
3060 1793 3190 1857 hoc
3223 1793 3310 1856 le-

636 1899 800 1982 gato
846 1899 1263 1981 singularia:
1320 1895 1384 1960 1⁰
1430 1899 1577 1964 dies
1637 1900 1786 1964 eius
1849 1900 2045 1963 venit
2097 1899 2301 1964 initio
2347 1900 2680 1982 cuiusque
2725 1899 2915 1982 anni,
2965 1900 3073 1963 vel
3121 1915 3310 1964 men-

638 2005 731 2069 sis
764 2002 944 2086 (39):
992 2021 1237 2069 verum
1270 2005 1351 2089 si,
1383 2020 1569 2070 anno
1604 2006 1711 2069 vel
1744 2021 1980 2070 mense
2012 2006 2325 2070 nondum
2359 2005 2641 2089 exactis,
2689 2005 3066 2087 legatarius
3107 2006 3311 2069 mori-

636 2112 771 2196 tur,
819 2089 1323 2176 restituendum
1356 2111 1487 2175 erit
1534 2127 1656 2194 pro
1702 2109 1872 2176 rata.
1923 2109 1992 2176 2ο
2023 2112 2291 2178 Relicta
2321 2112 2450 2176 sub
2483 2110 2901 2197 conditione,
2935 2112 3047 2177 vel
3079 2113 3310 2194 mode,

718 2349 845 2428 (33)
876 2349 1005 2408 LL.
1038 2350 1129 2424 20,
1176 2349 1269 2423 23,
1301 2350 1395 2424 24,
1426 2351 1520 2408 De
1566 2353 1725 2408 Ami.
1772 2351 1915 2427 Ley.

718 2431 845 2506 (34)
916 2430 987 2487 L.
1056 2431 1145 2504 12,
1221 2429 1483 2498 Quando
1544 2433 1675 2489 dies
1738 2432 1916 2507 ἱεραί.

641 2509 725 2567 Et
744 2563 747 2566 ,
766 2510 951 2585 primi
980 2509 1229 2584 quidem
1259 2510 1405 2567 anni
1429 2529 1619 2587 pura,
1663 2529 1916 2586 sequen-

640 2591 796 2646 tium
851 2591 1324 2663 conditionalia,
1378 2591 1437 2648 εἰ
1488 2593 1658 2649 vivat
1714 2590 1814 2668 (L.
1857 2591 1912 2663 4,

636 2671 730 2727 De
774 2670 935 2728 Ami.
980 2671 1236 2749 Legat).
1282 2668 1454 2728 Idem
1507 2671 1663 2729 iuris
1706 2677 1806 2729 est
1852 2670 1914 2727 in

636 2752 1168 2827 praestationibus
1184 2752 1429 2824 annuiS,
1442 2751 1783 2811 menstruis
1795 2756 1914 2817 etc.

636 2850 794 2905 quae
836 2850 949 2907 per
976 2851 1042 2889 se
1066 2830 1531 2907 principaliter,
1564 2831 1747 2905 idest,
1780 2832 1916 2888 sine

635 2916 795 2969 sorte
836 2910 1045 2985 aliqua
1104 2912 1446 2988 (capitale),
1489 2910 1798 2968 debentur
1839 2928 1914 2968 ex

634 2996 962 3049 contractu
986 2992 1084 3068 (L.
1122 2990 1282 3049 Cum
1323 2992 1657 3064 notissimi,
1698 2990 1737 3068 ξ
1780 2989 1913 3063 ult.,

636 3068 703 3129 O.
748 3073 843 3129 De
883 3072 1168 3129 Prae-scr.
1212 3073 1295 3129 30
1336 3072 1431 3128 vel
1472 3071 1557 3126 40
1597 3077 1791 3147 (inm).
1837 3068 1915 3127 In

636 3151 734 3209 his
778 3152 993 3228 igitur,
1026 3156 1303 3227 tempora
1332 3150 1913 3227 praescriptionum,

635 3251 757 3289 non
814 3233 891 3289 ab
948 3231 1197 3290 exordio
1255 3230 1656 3305 obligationis
1713 3228 1799 3306 (v.
1843 3248 1912 3303 c.,

635 3331 670 3369 a
714 3311 924 3369 delata
982 3311 1351 3384 hereditate,
1411 3309 1510 3368 vel
1568 3330 1603 3367 a
1646 3310 1747 3367 die
1805 3310 1918 3367 ini-

634 3396 737 3449 tae
783 3389 1256 3468 stipulationis),
1305 3390 1411 3449 sed
1463 3390 1541 3447 ab
1592 3390 1774 3446 initio
1817 3409 1916 3447 cu-

634 3473 855 3547 iusque
898 3472 1065 3539 anni,
1112 3470 1210 3529 vel
1254 3470 1485 3529 mensis
1514 3474 1631 3527 etc.
1677 3489 1916 3545 compu-

636 3557 857 3609 tantur
887 3550 1036 3619 (Cit.
1068 3552 1107 3629 ξ
1138 3550 1285 3623 ult.;
1330 3548 1632 3621 Donnell.,
1665 3548 1790 3606 Tit.
1822 3550 1916 3607 De

645 3634 848 3703 Usar„
887 3652 946 3688 n.
979 3632 1085 3705 76;
1130 3630 1431 3701 Laurent,
1465 3628 1758 3703 XXXII,
1793 3629 1914 3708 19).

524 3774 532 3781 ,
634 3710 765 3769 Nec
808 3713 1019 3770 obstat
1049 3710 1249 3784 O.1t.‚
1296 3709 1469 3783 2136,
1509 3710 1737 3785 quippe
1768 3710 1914 3765 arti-

632 3791 792 3849 culis
824 3792 980 3848 1788
1010 3796 1127 3849 etc.
1157 3790 1446 3849 cohaeret
1476 3789 1578 3867 (V.
1609 3793 1649 3867 ξ
1676 3789 1833 3866 154).

714 3872 843 3949 (35)
887 3872 958 3929 L.
1002 3870 1057 3945 8,
1105 3872 1197 3927 De
1238 3874 1400 3929 Anu.
1432 3870 1672 3947 Leqat,
1714 3868 1785 3925 L.
1822 3869 1911 3943 12,

642 3952 906 4019 Quando
941 3954 1073 4009 dies
1115 3953 1293 4028 ἱεραί.
1325 3952 1445 4007 ced..
1462 3967 1489 4025 ,·
1531 3948 1598 4007 C.
1629 3949 1732 4022 It„
1763 3948 1881 4004 867
1901 3968 1913 4021 3

632 4033 771 4100 Au„
817 4030 952 4088 687.

714 4113 842 4188 (36)
888 4110 958 4167 L.
1003 4112 1059 4185 8,
1104 4112 1199 4168 De
1230 4112 1393 4167 Arm.
1439 4104 1579 4186 Leyss
1619 4108 1914 4183 Adeoque

634 4190 941 4265 relictum,
990 4210 1046 4248 v.
1091 4210 1160 4261 c.,
1205 4192 1400 4263 uxori,
1460 4188 1663 4264 quoad
1721 4188 1914 4246 vidua

633 4272 772 4343 erit,
806 4270 1136 4328 debebitur
1164 4270 1226 4326 in
1238 4276 1480 4344 tegrum
1509 4270 1643 4327 eius
1674 4288 1914 4343 quoque

632 4352 779 4409 anni
828 4371 949 4425 quo
982 4350 1173 4407 vidua
1204 4349 1492 4421 decessit,
1526 4350 1623 4406 vel
1656 4368 1775 4423 quo
1807 4349 1916 4405 ite-

632 4452 768 4489 rum
810 4432 1061 4506 nupsit:
1120 4449 1297 4487 secus
1342 4449 1413 4487 ac
1472 4430 1535 4487 in
1579 4427 1914 4486 usufructu

631 4511 855 4588 legatO,
902 4512 1011 4583 qui
1054 4510 1155 4567 die
1211 4511 1428 4567 mortis
1484 4508 1708 4567 finitur
1756 4508 1912 4571 (LL.

634 4593 686 4663 5,
734 4592 827 4663 22,
876 4590 1075 4665 ans).

714 4672 841 4747 (37)
874 4667 1247 4741 Quaesitum
1278 4676 1393 4743 est,
1426 4688 1503 4726 an
1535 4668 1743 4745 legat-o
1774 4687 1913 4725 usu-

632 4750 848 4808 fructu
892 4750 1160 4807 omnium
1190 4750 1500 4823 bonorum,
1540 4768 1608 4805 eo
1652 4748 1912 4805 veniant

2026 2349 2272 2408 fructus
2317 2349 2626 2424 bonorum,
2671 2343 2828 2424 quae
2885 2353 3156 2408 testator
3213 2369 3310 2407 ac·

2026 2431 2293 2504 quisivit
2337 2436 2479 2507 post
2506 2429 2825 2490 conditum
2859 2433 3308 2487 testamentum

2027 2510 2129 2576 (V.
2173 2509 2423 2584 Richer,
2469 2510 2850 2586 Iurisprud„
2909 2510 3081 2582 1466,
3139 2512 3308 2586 etc.).

2027 2587 2206 2662 Quod
2261 2609 2374 2666 ego
2431 2591 2642 2647 verius
2698 2595 2882 2666 puto;
2926 2591 3074 2664 quia
3117 2595 3308 2648 testa-

2025 2674 2300 2728 mentum
2343 2669 2618 2729 refertur
2653 2669 2732 2728 ad
2777 2675 3023 2747 tempus
3067 2670 3308 2742 mortis:

2023 2770 2144 2825 quo
2199 2752 2334 2808 iure
2391 2752 2675 2825 veniunt,
2735 2750 2934 2825 quoad
2993 2750 3303 2823 heredem,

2024 2850 2124 2888 res
2167 2831 2358 2907 ipsae,
2401 2832 2592 2888 etiam
2634 2850 2708 2888 ex
2753 2830 2892 2889 NN.
2939 2830 3070 2889 LL.

2105 2910 2232 2987 (38)
2263 2910 2335 2968 L.
2380 2910 2474 2984 21,
2506 2912 2601 2968 De
2629 2912 2816 2969 Azim.
2845 2913 2959 2989 leq.
2975 2927 3003 2986 ,·
3045 2910 3177 2968 LL.
3205 2912 3304 2985 43,

2023 2992 2117 3063 44,
2163 2991 2256 3047 De
2303 2992 2358 3047 V.
2391 2988 2451 3048 S.
2483 2991 2584 3048 Et·
2607 2996 2949 3067 praeterea,
2981 2990 3307 3049 institutio

2025 3068 2118 3147 (O.
2161 3070 2301 3142 Au„
2345 3070 2490 3148 672)
2533 3089 2831 3146 personae
2889 3072 3303 3129 conveniens:

2025 3169 2257 3223 verum,
2287 3150 2400 3209 hoc
2445 3152 2509 3207 in
2539 3152 2974 3209 aestimatione
3005 3151 3148 3208 boni
3181 3151 3305 3208 viri

2024 3248 2158 3288 esse
2202 3230 2388 3288 debet
2431 3228 2524 3307 (C.
2568 3230 2671 3303 It.,
2715 3230 2878 3308 846).
2920 3229 3118 3289 Aliud
3146 3231 3308 3288 iuris

2023 3316 2139 3383 est,
2205 3311 2459 3368 cibariis
2522 3310 2793 3391 reliqtis;
2860 3310 3078 3367 horum
3139 3312 3306 3369 enim

2024 3389 2456 3466 appellatione,
2487 3391 2611 3449 cibi
2635 3390 2967 3448 dumtaxat
2993 3395 3060 3448 et
3087 3390 3306 3448 vinum

2023 3471 2430 3528 continentur
2460 3469 2608 3547 (Cit.
2641 3470 2817 3549 LL.).
2848 3467 3174 3543 Quantum
3205 3490 3308 3528 au-

2025 3556 2148 3607 tem
2179 3550 2482 3608 debeatur
2511 3549 2961 3625 alimentorum,
3003 3549 3100 3608 vel
3146 3551 3310 3608 ciba-

2024 3631 2254 3688 riorum
2291 3632 2552 3703 nomine,
2585 3632 2637 3688 si
2681 3634 2953 3688 testator
2995 3628 3154 3688 nihil
3183 3632 3308 3689 edi—

2023 3712 2206 3784 xerit,
2251 3711 2571 3768 aestimari
2628 3710 2815 3769 debet
2856 3730 2932 3769 ex
2988 3710 3088 3767 his
3146 3730 3308 3785 quae

2025 3790 2079 3847 is
2136 3791 2226 3847 eis
2281 3797 2604 3866 praestare
2662 3790 2885 3848 solitus
2941 3796 3110 3848 erat:
3171 3794 3306 3849 tum

2025 3890 2098 3927 ex
2143 3869 2242 3927 his
2300 3890 2457 3945 quae
2513 3870 2770 3945 reliquit
2828 3870 2976 3929 aliis'
3025 3869 3310 3929 eiusdem

2024 3948 2294 4023 ordinis;
2337 3950 2581 4008 demum
2624 3970 2698 4009 ex
2749 3949 3166 4009 facultatibus
3209 3951 3310 4008 de-

2025 4028 2245 4102 functi,
2279 4034 2344 4088 et
2373 4030 2728 4088 conditione
2757 4030 3054 4107 legatarii
3083 4029 3183 4107 (L.
3207 4032 3308 4101 22,

2023 4110 2118 4166 De
2161 4112 2347 4168 Alim.
2390 4112 2546 4187 legs.)
2593 4111 2680 4168 Et
2723 4111 2776 4169 si
2820 4111 2994 4168 varie
3043 4112 3312 4185 praesti-

2027 4191 2194 4263 terit,
2241 4194 2485 4265 tempus
2542 4192 2894 4266 inspicitur,
2954 4190 3118 4264 quod
3175 4210 3314 4267 pm·

2025 4270 2256 4327 ximum
2285 4271 2466 4328 morti
2513 4272 2648 4328 eius
2689 4270 2818 4327 fuit
2859 4270 2959 4347 (L.
2993 4272 3085 4341 14,
3118 4270 3159 4347 ξ
3189 4268 3312 4331 Sed

2023 4350 2098 4421 si,
2144 4350 2343 4425 Eod.).
2375 4350 2466 4407 At
2495 4369 2658 4419 ver0,
2690 4350 2979 4408 relictum
3013 4348 3312 4426 pluribus

2024 4430 2441 4502 testamentis,
2474 4432 2832 4506 repetitum,
2879 4449 2998 4487 non
3029 4430 3314 4507 duplica—

2025 4513 2174 4581 tum,
2221 4508 2604 4585 intelligitur
2649 4510 2804 4583 (LL.
2855 4510 2944 4583 18,
2981 4510 3072 4583 16,
3115 4510 3158 4585 ξ
3186 4512 3314 4569 Βα-

2022 4591 2257 4663 silicae,
2299 4590 2392 4646 De
2434 4591 2604 4647 alim.
2649 4592 2872 4667 ζεῃαε.)

2106 4668 2233 4745 (39)
2264 4668 2329 4726 C.
2363 4668 2463 4743 It„
2495 4670 2644 4743 8675
2690 4670 2867 4745 Voet,
2899 4668 2991 4743 34,
3029 4671 3080 4743 1,
3113 4672 3170 4728 4.
