3584 5350
947 366 1174 411 Sssc‘rlo
1215 366 1259 409 1.
1301 364 1650 411 COMMUNIA
1693 364 2068 418 UTRIUSQUE
2110 364 2611 410 RESTITUTIONIS

3000 352 3109 411 171
3140 322 3143 327 ’

449 516 699 583 datarii
747 533 887 581 non
935 516 1264 581 excedere
1309 514 1480 580 fines
1525 506 1876 598 mandati3
1924 512 2192 597 utputa,
2240 514 2321 597 si,
2385 514 2611 580 iussus
2672 514 2912 580 Osium
2973 530 3115 580 ver—

451 620 830 709 berare,-'in
879 621 1364 689 colluctatione
1411 620 1652 687 Osium
1698 622 2046 706 occiderit,
2094 624 2199 686 vel
2252 618 2713 687 mutilaverit:
2763 622 2837 686 in
2884 622 3117 687 huius-

451 732 636 797 modi
684 748 868 815 casu,
917 730 1080 811 quia
1109 728 1528 795 mandatarii
1561 728 1873 811 nequitia
1902 729 2115 813 abest,
2147 730 2489 795 mandans
2522 729 2887 813 tenebitur,
2920 732 3115 811 quasi

451 838 822 919 homicida,
868 838 975 901 vel
1023 835 1385 901 mutilator
1431 836 1566 920 (8);
1613 850 1863 918 nempe
1906 835 1965 901 si
2012 836 2144 901 hoc
2189 835 2626 919 praeviderit.

586 948 736 1010 204.
787 930 1166 1011 Consilium
1216 945 1334 1031 vel·
1373 944 1754 1009 doctrinale
1800 942 1923 1029 est,
1970 944 2079 1008 vel
2128 941 2728 1009 auctoritativum:
2780 945 2951 1010 illud
3006 946 3120 1010 do·

450 1054 647 1119 cendi
698 1040 908 1117 causa
953 1050 1177 1137 datur,
1224 1052 1356 1117 hoc
1385 1052 1825 1117 sollicitandi.
1860 1052 1961 1117 De
1994 1050 2203 1133 priori
2237 1052 2425 1116 haud
2458 1052 2705 1136 breviS,
2740 1068 2867 1119 nec
2896 1051 3118 1118 facilis

451 1161 635 1243 apud
681 1158 964 1225 Nostros
1011 1158 1328 1225 doctrina
1372 1158 1508 1223 est:
1559 1174 1762 1240 porro
1809 1158 1963 1223 heic
1993 1159 2079 1223 de
2110 1158 2401 1224 consilio
2431 1157 2666 1241 agitur
2696 1161 2881 1241 quod
2912 1160 3118 1225 datur

452 1248 650 1332 nulla
693 1265 974 1349 accepta
1018 1267 1350 1351 mercede,
1397 1282 1525 1330 nec
1571 1282 1660 1330 ex
1705 1264 2022 1347 suscepto
2067 1280 2373 1351 munere,
2424 1267 2531 1331 vel
2580 1282 2669 1331 ex
2729 1266 2985 1332 officio:
3050 1266 3119 1333 et

413 1374 807 1457 ignoranti
853 1372 1060 1439 datur
1105 1372 1226 1454 (9).
1276 1372 1517 1455 Itaque
1562 1371 1845 1438 consilii
1890 1370 2291 1438 doctrinalis
2338 1388 2475 1437 non
2521 1368 2951 1451 fraudolenti
2997 1373 3121 1455 (id-

452 1482 556 1548 est
600 1480 744 1547 dati
795 1483 976 1547 bona
1021 1479 1180 1562 fide)
1244 1480 1446 1545 nulla
1510 1478 1841 1561 obliqatio
1902 1478 1997 1545 est
2057 1480 2239 1563 (10);
2303 1480 2611 1565 ideoque,
2675 1481 2925 1565 verius,
2989 1481 3117 1546 etsi

453 1589 817 1655 consilium
867 1602 1230 1652 erroneum
1278 1586 1546 1651 dederit
1590 1586 1744 1668 quis
1790 1584 1981 1651 circa
2027 1602 2109 1651 ea
2155 1602 2326 1667 quae
2370 1587 2465 1651 ad
2510 1604 2661 1651 eam
2706 1586 2949 1673 artem,
2988 1588 3118 1653 'seu

451 1694 833 1777 scientiam,
883 1712 1087 1777 quam
1140 1695 1282 1776 ipse
1335 1692 1717 1778 profitetur,
1771 1692 2155 1778 pertinent3
2216 1694 2385 1777 puta
2444 1695 2772 1778 medicus,
2833 1695 3121 1760 advoca-

453 1804 565 1869 tus
613 1802 778 1885 (ll).
825 1804 934 1869 Ex
980 1799 1467 1867 auctoritativo
1513 1801 2022 1867 consiliatorem
2073 1800 2389 1889 obligari,
2438 1802 2757 1885 quamvis
2818 1804 3006 1868 nudo
3050 1802 3121 1867 et

457 2044 518 2099 in
543 2042 656 2100 hoc
680 2060 831 2099 casu
853 2044 1208 2113 excusatur,
1233 2060 1371 2098 cum
1395 2039 1654 2117 ipseper
1674 2058 1736 2099 88

456 2122 522 2199 (ξ
564 2122 724 2198 231),
770 2140 883 2179 cur
923 2140 1046 2178 non
1088 2125 1426 2179 excusatur
1459 2140 1598 2179 cum
1617 2138 1736 2197 per

453 2204 653 2261 alium
696 2199 891 2259 infert
932 2200 1264 2259 damnum?

535 2282 624 2360 (8)
675 2280 806 2341 Nec
861 2282 1074 2339 obstat
1116 2279 1197 2339 O.
1253 2280 1308 2355 3,
1369 2280 1461 2339 De
1515 2282 1733 2339 homic.

454 2364 520 2420 in
563 2362 646 2420 60.

536 2442 623 2519 (9)
667 2442 882 2515 Nulla,
907 2447 1058 2515 etc.;
1104 2460 1246 2499 nam
1289 2441 1447 2516 quod
1494 2442 1584 2499 sic
1634 2440 1734 2499 da-

457 2526 578 2595 tur,
645 2520 823 2581 velut
877 2542 913 2579 a
975 2522 1210 2581 medico
1267 2520 1545 2580 mercede
1601 2540 1734 2579 con-

455 2603 660 2676 duct0,
705 2602 782 2659 ab
825 2600 1126 2661 advocato
1169 2601 1378 2661 oblata
1435 2600 1731 2676 mercede,

454 2703 530 2742 ex
573 2688 918 2756 contractu,
962 2683 1038 2743 de
1081 2703 1200 2758 quo
1250 2683 1468 2756 serius,
1525 2682 1731 2756 datur,

455 2769 643 2838 atque
685 2763 824 2821 ideo
865 2763 986 2822 huc
1029 2781 1148 2820 non
1179 2764 1518 2840 pertinent.
1549 2761 1733 2821 Nunc

455 2844 656 2902 dicam
699 2844 950 2919 paucis:
991 2843 1130 2902 heic
1173 2843 1496 2914 medicum,
1553 2842 1735 2901 advo-

455 2929 682 2996 catum,
732 2943 870 2982 cum
925 2945 1000 2982 ex
1058 2923 1305 2982 iustitia
1362 2923 1733 3000 respondere

454 3007 765 3077 teneatur,
837 3023 958 3062 non
1027 3005 1314 3062 excusari
1378 3003 1733 3080 ignorantia

455 3103 614 3160 quae
657 3085 788 3142 lata
829 3086 1014 3162 culpa
1057 3103 1176 3142 non
1221 3088 1396 3142 caret
1437 3083 1517 3160 (L
1583 3085 1634 3156 1,
1665 3081 1736 3141 Sc*

453 3179 698 3223 mensor
723 3165 874 3238 fals.
903 3165 1095 3236 mod.,·
1122 3163 1195 3220 L.
1226 3163 1279 3237 2,
1319 3163 1496 3231 Quod
1537 3165 1731 3255 quisq.

457 3243 621 3323 iun).
671 3243 844 3302 Haec
909 3207 1124 3302 Nostri
1183 3242 1462 3320 plerique
1519 3243 1736 3321 permi-

456 3328 666 3398 scent3
709 3328 775 3382 et
815 3323 962 3382 inde
1005 3323 1181 3381 varia
1223 3328 1291 3382 et
1333 3323 1602 3400 implexa
1637 3323 1736 3381 do-

379 3475 388 3486 ι
454 3406 660 3462 ctrina
703 3403 840 3463 heic
882 3404 1089 3462 evasit
1131 3403 1353 3481 (Lugo,
1394 3403 1579 3474 VIII,
1610 3403 1732 3478 96).

535 3485 620 3542 Et
668 3486 984 3561 ‘'quor-anti
1031 3484 1250 3542 datur:
1309 3503 1468 3556 nam,
1525 3485 1579 3541 si
1635 3483 1733 3540 de-

456 3570 562 3624 tur
603 3565 677 3638 ei,
721 3565 827 3638 qui
872 3583 992 3622 non
1043 3564 1336 3640 ignorant
1394 3565 1733 3640 improbum

455 3644 779 3720 consilium
822 3663 990 3716 esse;
1035 3645 1089 3702 si
1131 3643 1460 3702 consulens
1491 3661 1736 3720 respon-

455 3725 620 3782 derit
661 3723 906 3782 licitum
956 3743 1108 3796 esse,
1167 3743 1226 3781 v.
1283 3743 1352 3798 c.,
1411 3724 1489 3782 ab
1545 3742 1733 3782 uxore

455 3805 786 3877 divertere,
831 3803 1032 3862 furari
1074 3803 1399 3876 divitibus,
1443 3806 1500 3862 is
1536 3822 1734 3878 neque

455 3885 794 3944 consultori
869 3884 1200 3960 obligatur,
1287 3885 1434 3958 quia
1517 3886 1738 3942 scienti

455 3985 579 4024 non
621 3967 692 4039 fit
736 3967 978 4022 iniuria.
1019 3983 1210 4040 neque
1249 3965 1434 4023 dolus
1448 3982 1474 4037 ,·
1535 3983 1734 4038 neque

455 4045 580 4120 alii,
627 4045 748 4102 nisi
792 4043 1116 4101 consilium
1159 4043 1401 4103 recidat
1435 4045 1498 4102 in
1531 4048 1736 4102 aucto-

455 4125 804 4183 ritativum.

535 4204 663 4282 (10)
693 4204 766 4262 L.
797 4203 892 4278 48,
921 4205 1016 4261 De
1059 4205 1134 4261 R.
1177 4205 1256 4278 1.‚·
1299 4203 1367 4262 O.
1424 4205 1520 4276 62,
1579 4205 1732 4261 Eod.

453 4287 545 4344 tit.
591 4286 654 4342 in
684 4284 769 4342 6⁰.
791 4283 1288 4342 Fraudulentum
1311 4285 1735 4342 autemconsi-

453 4365 605 4423 lium
647 4365 702 4422 is
745 4364 894 4422 dare
937 4364 1335 4441 intelligitur,
1381 4367 1486 4439 qui
1535 4366 1735 4422 sciens

445 4447 730 4522 prudens
771 4444 1010 4520 decipit
1051 4444 1464 4503 consultorem
1522 4444 1620 4520 (L.
1675 4443 1732 4516 8,

453 4530 518 4584 et
562 4524 634 4583 L.
680 4525 812 4598 ult„
860 4525 950 4582 De
994 4525 1156 4584 Dolo
1170 4541 1197 4598 ;
1241 4525 1310 4582 L.
1356 4525 1410 4598 2,
1456 4525 1549 4582 De
1583 4525 1735 4581 Pro-

451 4605 693 4681 movet),
739 4623 878 4663 cum
919 4604 1142 4662 damno
1186 4606 1320 4663 sive
1363 4604 1565 4681 ipsius
1600 4623 1736 4682 con-

453 4684 728 4757 sultoriS,
775 4686 908 4743 sive
953 4684 1248 4758 alterius;
1292 4689 1520 4761 utputa
1565 4685 1618 4742 si
1648 4705 1734 4742 re-

454 4763 794 4842 sponderit,
840 4783 962 4823 non
1018 4771 1364 4842 competere
1428 4766 1568 4843 ipsi,
1633 4764 1734 4824 vel

1845 2040 1923 2097 ab
1964 2040 2099 2115 ipso
2140 2040 2633 2101 restitutionem:
2680 2041 2731 2098 si
2791 2039 2957 2116 Gaio,
3015 2040 3122 2099 du-

1844 2120 2079 2179 bitanti
2123 2120 2199 2177 de
2242 2118 2592 2189 hereditate
2627 2120 2932 2195 adeunda,
2966 2120 3121 2180 salso

1844 2198 2269 2273 affirmaveris,
2300 2202 2667 2259 damnosam
2707 2220 2844 2261 esse
2886 2201 3121 2260 heredi-

1844 2284 2058 2354 tatem,
2103 2284 2170 2338 et
2209 2278 2315 2339 ille
2345 2298 2479 2339 eam
2509 2281 2971 2358 repudiaverit;
3000 2281 3119 2356 vel,

1806 2370 1821 2377 ·
1842 2364 2077 2435 contra,
2122 2362 2459 2435 lucrosam,
2502 2365 2569 2419 et
2590 2361 2825 2420 adierit
2854 2360 2953 2439 (L.
2984 2360 3117 2435 ult„
3146 2382 3150 2387 ’

1844 2444 1939 2499 De
1990 2442 2183 2515 Dolo‚·
2245 2439 2486 2515 Sanch„
2552 2442 2659 2515 M„
2712 2436 2827 2515 IV,
2884 2442 2939 2515 6,
3001 2442 3119 2519 10).

1843 2520 2096 2598 Nempe,
2128 2522 2183 2579 si
2211 2520 2587 2579 alterutrum
2616 2522 2671 2580 ei
2702 2523 3120 2599 persuaseris3

1844 2621 1987 2660 nam
2029 2603 2082 2659 si
2126 2601 2278 2660 haec
2336 2601 2709 2678 simpliciter
2761 2600 3121 2661 adfirmave-

1843 2685 1949 2756 ris,
1993 2682 2243 2742 levitati
2288 2701 2437 2740 suae
2479 2683 2748 2759 imputet
2791 2681 2999 2742 CaiuS.

1922 2765 2109 2836 Idest,
2151 2769 2269 2821 etc.
2313 2760 2687 2836 (Reiffenst.,
2733 2763 2811 2820 ad
2854 2765 2961 2824 cit.
2992 2783 3120 2840 reg.

1843 2844 1937 2917 63,
1982 2861 2042 2900 n.
2087 2843 2181 2918 3):
2214 2861 2341 2916 seu,
2372 2843 2507 2900 sine
2538 2844 2719 2920 gravi
2747 2843 2931 2920 culpa
2962 2843 3125 2902 theo-

1843 2924 2073 3000 logica3
2118 2923 2265 2998 quia
2308 2923 2413 2981 ubi
2458 2921 2610 2981 haec
2658 2922 2891 2996 exulat,
2947 2925 3124 2982 resti-

1844 3005 2007 3062 tutio
2036 3005 2260 3062 cessat.
2291 3002 2525 3062 Verum
2555 3004 2607 3060 si
2638 3003 2893 3063 dubitat
2914 3009 3125 3062 utrum

1844 3083 2169 3143 consilium
2212 3101 2405 3142 necne
2448 3087 2686 3141 rectum
2732 3085 2835 3158 sit,
2880 3086 2933 3142 si
2991 3103 3125 3142 con-

1844 3164 2141 3223 sultorem
2183 3163 2259 3221 de
2302 3162 2415 3220 hoe
2457 3163 2637 3238 celat,
2682 3182 2821 3240 eum
2870 3165 3123 3240 decipit.

1924 3243 2053 3322 (11)
2098 3242 2353 3309 Sanch.;
2398 3243 2593 3320 Lugo,
2640 3242 2827 3318 VIII,
2884 3243 2979 3302 94.
3038 3245 3127 3303 Et

1844 3329 2044 3383 recte:
2088 3343 2231 3382 nam
2280 3324 2333 3382 si
2390 3323 2709 3382 consultor
2767 3327 2890 3384 scit
2950 3323 3125 3382 illum

1846 3405 2201 3480 imperitum
2231 3423 2384 3477 esse,
2416 3423 2631 3462 vecors
2660 3409 2790 3478 est;
2820 3407 2873 3462 si
2904 3405 3122 3478 nescit,

1848 3485 2171 3556 incautum
2229 3483 2365 3542 ideo
2426 3487 2499 3541 de
2560 3503 2623 3542 se
2684 3488 2901 3562 quaeri
2960 3487 3125 3542 debet

1846 3563 1946 3640 (L.
2007 3564 2057 3638 1,
2117 3561 2190 3622 Se:
2241 3581 2487 3622 memor
2546 3565 2743 3642 fale..)
2808 3564 3127 3622 Nihilomi-

1846 3663 1963 3702 nus
1993 3645 2309 3703 sententia
2339 3644 2715 3702 communior
2744 3649 2935 3718 tenet,
2961 3647 3129 3704 hunc

1844 3743 1979 3783 esse
2022 3725 2348 3782 obnoxium
2407 3725 2799 3782 restitutioni
2856 3691 3122 3802 (L'aym.,

1844 3804 1921 3876 V,
1952 3805 2033 3880 4),
2065 3825 2120 3862 ei
2144 3803 2331 3879 vulgo
2355 3806 2599 3880 peritus
2620 3803 2889 3863 habetur
2912 3805 2997 3883 (S.
3022 3805 3126 3861 Al-

1844 3883 2045 3961 phon.,
2078 3882 2203 3956 III,
2237 3883 2397 3960 564),
2430 3885 2577 3958 quia
2602 3903 2722 3942 non
2746 3890 2919 3944 caret
2943 3887 3123 3962 gravi

1844 3963 2027 4041 culpa
2060 3963 2401 4056 theologica
2432 3965 2538 4038 qui
2568 3962 2833 4022 officium
2857 3969 3123 4038 exercet,

1845 4045 1946 4101 cui
1969 4063 2035 4102 se
2060 4045 2353 4121 imparem
2376 4063 2511 4102 esse
2534 4044 2702 4103 haud
2726 4046 2993 4122 ignorat.
3019 4043 3125 4102 Ita

1844 4143 2039 4200 porrO,
2084 4143 2205 4182 non
2248 4129 2424 4183 caret
2464 4125 2679 4201 culpa
2692 4125 2863 4202 (quia
2900 4145 3126 4183 munus

1844 4204 2258 4280 periculosum
2280 4205 2555 4280 exercet)
2572 4225 2789 4263 verum
2807 4208 2869 4264 ἰπ
2896 4223 3128 4264 eausa·
3101 4249 3119 4280 ,

1845 4289 1913 4342 at
1954 4286 2009 4342 si
2050 4286 2153 4342 hic
2192 4289 2247 4342 et
2290 4303 2458 4342 nunc
2499 4305 2619 4343 non
2676 4284 3127 4343 animadvertit

1845 4382 1909 4422 se
1953 4363 2279 4423 consilium
2323 4383 2660 4432 erroneum,
2692 4371 2805 4423 aut
2834 4365 3129 4442 periculo-

1845 4463 1981 4502 sum
2024 4444 2189 4518 dare,
2234 4444 2337 4502 hic
2380 4449 2446 4502 et
2487 4465 2653 4503 nunc
2696 4445 2853 4503 nihil
2910 4449 3131 4521 peccat

1844 4523 2053 4600 (Prol.,
2099 4525 2137 4598 ξ
2187 4525 2315 4598 147,
2348 4545 2407 4582 n.
2438 4525 2559 4602 24).
2592 4524 2755 4596 Quid
2790 4525 2951 4599 quod
2975 4525 3127 4584 haec

1844 4605 2160 4662 sententia
2190 4609 2257 4662 et
2285 4605 2623 4664 consultori
2654 4605 2795 4682 plus
2826 4625 3020 4680 aequo
3042 4607 3129 4663 in·

1844 4684 2081 4760 dulget,
2127 4685 2273 4759 quia
2319 4687 2573 4742 liberum
2620 4687 2740 4743 sibi
2782 4691 2869 4743 est
2925 4688 3127 4762 eajplo—

1840 4783 1999 4838 rare,
2068 4784 2153 4822 an
2223 4767 2509 4844 capediat
2593 4766 2713 4824 sibi
2794 4767 3126 4826 consilium
