3584 5350
727 330 955 375 sacrm
996 330 1038 375 1.
1074 348 1101 361 -
1140 328 1354 373 CAPUT
1395 328 1467 374 11.
1512 328 1601 372 ns:
1644 326 2224 373 mammarii-onum
2277 326 2676 371 Errnc‘rmus
2915 312 3029 370 311

372 484 478 548 Ad
522 483 715 563 haec,
762 476 835 544 et
877 476 943 543 ei
988 477 1102 543 cui
1147 476 1415 559 aliquid
1462 476 1781 543 relictum
1814 475 1918 541 est
1940 476 2086 541 sive
2111 475 2370 555 heredi,
2397 475 2543 541 sive
2572 474 2882 558 legatum
2906 476 3036 540 sub

366 582 763 656 conditione
808 584 1215 667 suspensiva
1260 581 1399 663 (vel
1444 598 1535 649 ex
1580 584 1738 667 die),
1788 584 1860 649 et
1903 582 1991 649 ab
2039 598 2111 649 eo
2159 583 2272 648 cui
2319 584 2447 648 sub
2505 583 2902 648 conditione
2933 599 3036 647 re-

368 694 669 763 solutiva
715 691 852 773 (vel
901 694 975 758 in
1008 692 1220 775 diem)
1252 690 1513 773 aliquid
1547 690 1868 757 relictum
1901 692 2054 774 t’uit,
2089 690 2174 755 de
2204 706 2280 755 re
2324 706 2450 755 suo
2497 688 2801 771 tempore
2833 686 3036 755 illinc

368 804 620 889 danda,
670 786 833 866 'hinc
876 798 1324 882 restituenda,
1372 798 1602 863 caveri
1648 796 1932 863 interim
1978 795 2245 880 oportet
2295 795 2458 879 (16).
2509 795 2831 863 Ceterum
2881 813 3039 862 con·

370 910 671 977 ditiones
698 907 1147 989 suspensivae
1178 906 1451 988 impleri
1498 905 1751 971 debent
1799 905 1959 971 vivo
2004 922 2106 990 e0,
2154 906 2269 970 cui
2315 904 2576 987 aliquid
2627 906 2756 969 sub
2809 904 3040 970 condi-

372 1018 561 1084 tione
604 1014 925 1081 relictum
970 1012 1093 1099 est,
1138 1013 1315 1079 alias
1359 1012 1601 1077 relicta
1644 1011 2069 1077 evanescunt
2117 1010 2227 1092 (V.
2275 1010 2312 1093 ξ
2360 1012 2509 1095 343,
2558 1028 2625 1075 n.
2676 1011 2813 1092 27).

506 1126 656 1189 367.
700 1114 815 1187 'Ad
862 1120 1210 1204 ultimum,
1274 1120 1439 1202 quia
1492 1117 1763 1200 publice
1823 1117 2090 1200 expedit
2147 1134 2468 1200 suprema
2527 1118 2886 1184 hominum
2933 1116 3040 1183 iu-

372 1229 567 1298 dicia
612 1228 870 1295 exitum
916 1226 1165 1293 habere
1212 1206 1375 1311 (17),
1429 1242 1517 1291 ne
1562 1225 1930 1312 intereant,
1977 1225 2200 1291 cuivis
2243 1224 2556 1291 testatori
2612 1225 2853 1290 datum
2915 1225 3038 1311 est,

373 1340 676 1423 aliquem
722 1334 1052 1419 deputare
1098 1335 1521 1417 exequendis
1566 1334 1719 1417 post
1763 1332 2056 1401 mortem
2105 1350 2302 1399 suam
2350 1334 2480 1419 hie,
2529 1350 2704 1417 quae
2735 1334 2884 1400 fieri
2935 1350 3042 1400 vo·

372 1446 541 1533 luit3
587 1444 922 1511 Executor
965 1442 1223 1508 idcirco
1270 1439 1829 1507 testamentarius
1890 1442 2352 1523 nuncupatus.
2419 1440 2507 1506 Et
2568 1441 2641 1506 in
2707 1438 3042 1524 potestate

374 1570 502 1618 sua
544 1550 647 1617 est
692 1550 951 1632 eligere
996 1548 1182 1634 quot,
1230 1546 1301 1613 et
1346 1564 1517 1631 quos
1565 1548 1783 1633 malit,
1831 1548 2206 1614 dummodo
2251 1548 2394 1613 sint
2437 1564 2722 1631 capaces
2783 1549 3040 1631 obliga-

373 1659 585 1749 tionis
629 1656 973 1722 stabiliter
1018 1656 1528 1721 contrahendae
1576 1655 1740 1737 (18).
1790 1654 2044 1719 Munus
2089 1654 2476 1737 executoris
2539 1654 3042 1720 testamentarii

376 1765 573 1849 quasi
620 1766 695 1829 in
766 1762 1174 1828 mandatum
1246 1761 1491 1828 recidit
1541 1761 1721 1847 (19);
1794 1762 2045 1845 verius,
2109 1762 2257 1827 iure
2319 1777 2440 1827 seu
2501 1762 2856 1847 canonico,
2919 1778 3041 1827 seu

294 1918 301 1923 ·
376 1871 565 1938 civili
616 1870 1025 1953 permissum
1075 1869 1252 1952 (20):
1304 1869 1477 1953 ideo,
1526 1868 1674 1933 eius
1722 1866 2044 1953 potestas,
2092 1884 2234 1932 non
2280 1884 2370 1933 ex
2430 1868 2790 1934 voluntate
2848 1868 3050 1935 testa·
3131 1918 3136 1923 .

378 1979 565 2062 toris,
614 1994 738 2043 ceu
786 1976 1071 2060 quidam
1117 1973 1396 2061 putant3
1445 1976 1565 2041 sed
1610 1990 1701 2040 ex
1746 1976 1900 2058 lege
1946 1974 2097 2057 ipsa
2141 1973 2373 2041 metiri
2419 1975 2622 2041 debet
2669 1974 2834 2059 (21).

512 2086 661 2151 368.
710 2082 1061 2149 Executor
1107 2080 1666 2148 testamentarius
1713 2098 1855 2148 non
1902 2082 2174 2165 cogitur
2219 2081 2628 2148 mandatum
2662 2085 3046 2166 suscipere:

378 2208 623 2257 verum
667 2192 726 2255 si
775 2191 949 2256 illud
995 2188 1475 2274 acceptaverit,
1524 2206 1812 2255 munere
1858 2206 1982 2255 suo
2029 2188 2315 2273 defungi
2363 2190 2566 2255 debet
2615 2189 2780 2275 (22).
2815 2193 3049 2277 Porr0,

379 2300 529 2364 iure
590 2298 803 2381 civili,
840 2286 1263 2363 'executoris
1330 2296 1838 2363 testamentarii
1908 2312 2164 2362 munus
2224 2296 2347 2382 est,
2409 2298 2720 2364 defuncti
2789 2297 3052 2365 iustam

378 2404 812 2471 voluntatem
860 2402 1060 2488 tueri,
1109 2402 1179 2469 et
1232 2404 1307 2469 in
1369 2403 1612 2485 primis
1672 2420 1916 2469 curare
1983 2404 2058 2469 ut
2117 2403 2350 2487 legata
2409 2402 2834 2485 impleantur
2882 2403 3046 2488 (23).

379 2513 509 2578 His
556 2512 790 2577 autem
836 2511 1226 2596 implendis,
1274 2508 1563 2576 testator
1607 2509 1830 2593 potest
1875 2511 1939 2575 ei
1989 2513 2328 2576 bonorum
2377 2510 2742 2576 mobilium
2794 2526 3052 2593 posses·

380 2619 647 2686 sionem
695 2618 783 2684 ad
830 2634 1092 2684 annum
1144 2604 1541 2700 permittere
1591 2615 1755 2702 (24).
1804 2618 2048 2700 Itaque
2093 2615 2422 2684 executor
2490 2616 3052 2685 testamentarius

439 2805 589 2880 16)
636 2803 708 2876 L
757 2806 807 2877 1,
864 2805 941 2863 Ut
984 2804 1214 2881 Leyat.;
1265 2802 1333 2862 G.
1378 2801 1480 2876 It.,
1524 2803 1661 2861 856.

492 2883 593 2964 17)
636 2883 709 2942 L.
740 2885 794 2958 5,
836 2883 1129 2951 Quemad.
1172 2888 1409 2942 testam.
1452 2902 1621 2961 aper.

462 2965 591 3043 (18)
635 2965 735 3022 Ex
777 2964 817 3040 ἓ
863 2964 957 3037 13,
997 2965 1091 3020 De
1149 2965 1451 3022 E'aecusat.
1508 2968 1663 3040 tut„-

382 3044 453 3104 C.
497 3045 591 3119 G.,
640 3044 813 3119 1028;
858 3042 959 3118 It,
1006 3043 1141 3101 904.
1200 3042 1471 3118 Scilicet,
1516 3046 1665 3119 quia

383 3126 745 3202 obligantur
766 3089 998 3197 heredi,
1043 3129 1107 3182 et
1150 3124 1496 3201 legatariis.
1530 3123 1665 3184 Sta:-

384 3207 631 3281 bizim,-
671 3205 930 3280 ideoque
974 3224 1087 3263 nec
1130 3209 1365 3281 nuptae
1420 3204 1665 3263 iniussu

384 3286 597 3344 mariti
628 3283 721 3362 (C.
754 3283 851 3359 G„
886 3285 1057 3357 1029;
1089 3283 1191 3357 It„
1238 3303 1313 3342 ex
1344 3283 1420 3341 A.
1454 3285 1665 3364 1743);

384 3385 500 3426 nec
542 3367 827 3438 minoreS,
872 3365 993 3422 etsi
1050 3370 1363 3440 parentes,
1419 3369 1537 3423 aut
1574 3369 1669 3424 tu-

388 3453 500 3521 tor,
546 3445 646 3504 vel
691 3449 946 3504 curator
987 3445 1389 3502 consentiant
1430 3444 1525 3523 (C.
1570 3445 1665 3518 G.,

390 3527 561 3600 10303
606 3525 710 3598 It.,
754 3525 915 3601 905),
946 3529 1307 3582 executores
1352 3543 1489 3583 esse
1538 3545 1669 3602 pos-

386 3613 557 3666 sunt.
582 3605 703 3663 Sed
728 3607 886 3662 satis
916 3608 1031 3678 est,
1064 3604 1351 3662 idoneum
1381 3623 1516 3662 esse
1547 3624 1667 3680 quo

388 3693 662 3762 tempore
706 3685 990 3743 defertur
1052 3684 1373 3742 hereditas
1417 3684 1667 3762 (Tropl.,

386 3766 501 3839 IV,
549 3766 750 3842 2008).
797 3763 916 3822 Sed
948 3769 1011 3823 et
1039 3763 1365 3840 Religiosi,
1390 3767 1669 3842 exceptis

390 3846 513 3904 FF.
554 3845 729 3920 MM„
774 3844 851 3902 de
896 3846 1286 3920 superiorum
1340 3864 1667 3920 consensu,

386 3933 751 3988 executores
807 3944 943 3984 esse
999 3929 1264 4000 possunt
1326 3924 1421 4002 (C.
1478 3926 1531 3998 2,
1575 3927 1670 3984 De

396 4009 655 4064 Testam.
678 4007 745 4063 in
768 4007 865 4078 60;
897 4003 1105 4078 Clam„
1143 4025 1261 4077 un.,
1316 4007 1470 4064 an.
1515 4005 1669 4084 tit.);

386 4088 577 4146 etiam
608 4086 687 4145 ad
719 4105 945 4144 causas
973 4083 1267 4162 profanas
1292 4085 1523 4162 (Reiff,
1541 4085 1669 4159 ΙΙΙ,

388 4167 483 4240 26,
530 4166 691 4242 772).

469 4247 597 4324 (19)
642 4247 739 4304 Ex
809 4246 882 4304 L.
956 4246 1046 4319 12,
1119 4245 1158 4322 ξ·
1230 4245 1359 4315 ult„
1425 4249 1669 4320 Mam&

389 4326 605 4400 Toull„
652 4326 766 4398 IV,
810 4327 959 4400 5773
1005 4291 1294 4400 I'Jurant„
1340 4326 1461 4400 IX,
1520 4327 1671 4401 390;

389 4407 691 4480 Lam-ent,
739 4372 920 4474 XIV,
973 4407 1109 4462 3⁶23.

471 4487 599 4564 (20)
644 4485 741 4543 Ex
772 4486 840 4545 O.
891 4487 945 4559 3,
1005 4488 1099 4542 Dc
1149 4487 1435 4560 statum,
1465 4484 1533 4544 C.
1576 4485 1671 4558 G„

396 4567 581 4640 10253
625 4565 728 4640 It„
774 4567 909 4624 903.
956 4565 1117 4624 Nam
1162 4567 1249 4624 ibi
1293 4567 1534 4643 incipit,
1566 4567 1672 4624 ubi

393 4645 551 4705 alias
594 4651 817 4724 suapte
860 4654 1091 4704 nat-ura
1131 4644 1371 4704 finitur.

472 4725 603 4806 (21)
646 4727 743 4784 Ex
806 4725 875 4785 C.
940 4725 1033 4800 G„
1104 4727 1289 4800 1026;
1354 4725 1458 4802 It„
1523 4725 1673 4802 9063

1773 2803 1980 2878 Zach.,
2011 2804 2146 2878 715,
2165 2824 2224 2862 n.
2245 2805 2350 2871 10;
2381 2803 2682 2878 Laurent,
2708 2803 2890 2879 XIV,
2915 2803 3050 2862 325.

1772 2881 2008 2942 Contra
2052 2883 2268 2958 Toull.,
2321 2883 2396 2958 V,
2428 2883 2561 2959 578,
2593 2883 2728 2958 5943
2761 2883 3050 2956 Durant„

1769 2964 1894 3035 IX,
1964 2965 2114 3038 4115
2185 2963 2408 3041 Tropl.,
2480 2962 2895 3039 Successioni,
2961 2963 3051 3039 ΙΙ,

1774 3045 1964 3117 2026;
2009 3043 2359 3118 Demolom„
2406 3044 2632 3118 XXII,
2677 3045 2773 3103 20.

1856 3125 1986 3202 (22)
2030 3123 2096 3183 G.
2145 3125 2234 3198 19,
2280 3127 2375 3183 De
2411 3125 2698 3200 Testam.;
2727 3125 2826 3182 Ex
2853 3125 2926 3183 L.
2957 3127 3053 3198 49,

1774 3207 1870 3262 De
1914 3205 2142 3283 Legat„
2202 3203 2342 3280 1113
2403 3203 2470 3263 O.
2527 3204 2666 3279 An„
2723 3204 2874 3277 816;
2932 3206 3056 3264 Du-

1776 3291 1958 3358 rant„
2025 3284 2144 3359 IX,
2202 3285 2338 3343 392.
2403 3283 2529 3344 Sub
2593 3286 2772 3362 gravi
2833 3285 3054 3362 (LugO,

1778 3364 2029 3440 XXIV,
2074 3366 2169 3439 29;
2215 3365 2274 3422 S.
2317 3365 2525 3442 Alph.,
2583 3363 2710 3440 III,
2762 3365 2924 3443 941).
2969 3365 3055 3423 Et

1776 3445 2162 3522 intelligitur
2224 3450 2602 3522 acceptasse,
2669 3446 2723 3504 si
2779 3445 3058 3522 legatum

1778 3526 1919 3597 sibi,
1962 3527 2144 3600 quasi
2187 3526 2260 3583 Ε.
2305 3526 2392 3598 Τ.,
2445 3525 2734 3584 relictum
2797 3545 3058 3603 agnove-

1778 3607 1866 3664 rit
1910 3605 2009 3682 (L.
2053 3605 2108 3678 5,
2155 3605 2226 3682 ξ·
2237 3608 2550 3680 Amittere,
2603 3607 2696 3664 De
2750 3608 2850 3664 his
2905 3625 3060 3684 quae

1778 3691 1848 3744 ut
1893 3688 2030 3745 indi
2028 3685 2177 3764 9η.)
2224 3685 2342 3745 Sed
2386 3705 2609 3745 cavere
2664 3686 2878 3746 heredi
2937 3705 3058 3744 non

1778 3768 2026 3843 cogitur
2028 3705 2165 3844 9.(L
2211 3768 2264 3840 7,
2313 3765 2386 3825 52·
2425 3769 2528 3826 cui
2557 3769 2729 3843 plus,
2773 3767 2938 3846 etc.).

1861 3845 1988 3924 (23)
2020 3846 2118 3904 Ex
2149 3845 2216 3905 C.
2248 3845 2323 3904 G.
2329 3847 2542 3921 ,1031,
2574 3847 2642 3904 3·
2629 3846 2776 3920 ,.It,
2823 3845 2957 3922 908,
3003 3847 3058 3920 3;

1780 3925 1997 3999 Toull.,
2044 3926 2119 4001 V,
2165 3927 2301 3983 561.
2329 3891 2642 3998 ’'Ouo-are,
2651 3946 2868 4003 nempe
2925 3929 3060 3986 sive

1780 4025 1892 4083 per
1915 4025 1998 4078 se,
2025 4007 2159 4064 sive
2183 4025 2294 4083 per
2315 4005 2506 4063 alium
2530 4006 2762 4082 (Zach.,
2781 4027 2841 4065 11.
2859 4007 2914 4079 93
2947 4007 3064 4066 De-

1779 4086 1937 4160 mol.,
1982 4086 2076 4155 22,
2121 4087 2217 4144 41.
2264 4085 2500 4145 Contra
2541 4085 2844 4162 Laurent,
2879 4087 3060 4162 XIV,

1780 4167 1941 4243 331),
1988 4185 2146 4240 quae
2191 4167 2396 4225 verior
2439 4167 2758 4225 sententia
2799 4171 2916 4225 est.
2949 4167 3064 4226 Ve-

1781 4266 1941 4321 rum,
1981 4247 2036 4304 si
2079 4247 2221 4321 quis
2265 4246 2432 4323 apud
2461 4247 2726 4306 iudicem
2751 4247 3060 4322 intendat,

1782 4333 2230 4385 testamentum
2271 4325 2510 4398 nullius
2571 4329 2862 4386 momenti
2907 4347 3060 4401 esse,

1783 4407 1856 4464 E.
1901 4404 1970 4462 T.
2014 4425 2136 4464 non
2166 4408 2412 4484 cogitur
2442 4406 2637 4466 iudici
2660 4407 2896 4482 adesse,
2929 4409 3064 4466 eius

1784 4485 2002 4544 tuendi
2046 4491 2251 4546 causa
2279 4487 2403 4555 (Ex
2445 4488 2583 4546 citt.
2642 4487 2824 4564 AA.).

1865 4566 1994 4644 (24)
2039 4565 2104 4625 C.
2152 4565 2250 4640 G„
2297 4566 2483 4640 1026;
2527 4566 2629 4640 lt„
2687 4567 2823 4624 906.
2883 4566 3064 4625 Licet

1783 4651 2004 4705 extent
2047 4646 2308 4705 heredes
2364 4647 2734 4720 necessarii}
2798 4647 2946 4721 quia
2987 4666 3063 4704 ex

1783 4747 1906 4786 uno
1947 4727 2154 4806 capite
2219 4725 2376 4786 nihil
2419 4728 2512 4786 eis
2567 4726 2942 4804 detrahitur,
2987 4745 3064 4787 ex
