3584 5350
597 399 712 457 140
815 404 1012 457 men-R
1038 413 1133 456 111.
1160 432 1191 441 -
1219 413 1450 456 TnAc'r.
1481 412 1550 455 11.
1581 412 1710 455 Tr'r.
1743 410 1813 455 11.
1844 412 1931 454 DE
1958 410 2235 471 sunvrr„
2268 410 2518 453 vau..
2550 410 2635 453 ET
2663 410 3030 453 HYPOTHEO.

594 564 764 647 lege,
814 562 891 628 ut
936 563 1110 627 alias
1155 563 1307 627 loco
1351 578 1591 627 earum
1637 558 2015 627 substituat
2059 559 2229 645 (60),
2277 557 2746 625 infructuosae
2799 558 2887 623 ad
2949 555 3253 640 proprie·

597 668 851 735 tarium
899 668 1062 753 (61).

730 778 874 844 165.
923 776 1354 841 Animalium
1401 774 1765 841 usufructu
1797 774 2046 857 legate,
2080 774 2421 856 siquidem
2452 772 2889 857 singulorum
2922 770 3251 856 capitum,

593 882 694 949 tot
738 880 902 949 sunt
947 881 1382 949 ususfructus
1425 880 1593 965 quot
1635 879 1871 963 'capita
1917 881 2094 966 (62);
2134 880 2295 959 ,1660
2342 895 2481 944 uno
2528 895 2765 944 eorum
2813 878 3142 961 extincto,
3176 878 3249 942 in

591 1008 671 1057 eo
701 990 1140 1074 extinguitur
1187 988 1618 1055 ususfructus
1665 990 1825 1069 (63).
1876 988 1997 1053 Sin
2044 988 2296 1070 gregis,
2330 987 2437 1051 vel
2479 985 2795 1067 armenti,
2829 984 3252 1051 fructuarius

591 1098 662 1162 in
712 1100 940 1163 locum
990 1096 1456 1163 deficientium
1517 1096 1675 1182 (64),
1725 1097 1834 1159 vel
1896 1094 2255 1159 inutilium
2319 1092 2484 1177 (65),
2547 1109 2721 1175 quae
2780 1092 2912 1157 sibi
2976 1091 3250 1172 cedunt,

588 1205 727 1269 alia
773 1205 1090 1287 supplere
1135 1204 1337 1269 debet
1383 1221 1471 1268 ex
1517 1202 1818 1287 aquati-3,
1867 1202 2043 1267 idest
2089 1201 2273 1267 natis
2318 1217 2409 1265 ex
2440 1202 2679 1265 eodem
2712 1215 2920 1282 grege
2951 1199 3128 1283 (66);
3162 1198 3249 1284 et,

588 1312 866 1379 nonnisi
919 1310 1279 1394 postquam
1327 1328 1530 1377 omne
1577 1311 1785 1392 caput
1831 1309 2111 1392 perierit
2157 1307 2595 1391 extinguitur
2629 1305 3057 1372 ususfructus
3090 1308 3248 1387 (67).

587 1418 977 1500 Utcumque
1024 1418 1256 1483 autem
1305 1416 1614 1483 extincto
1646 1416 2031 1501 usufructu,
2066 1415 2295 1480 carnis
2327 1412 2396 1479 et
2426 1415 2769 1480 coriorum
2814 1413 3247 1498 animalium,

587 1542 763 1608 quae
809 1541 973 1589 casu
1023 1524 1393 1608 perierunt,
1440 1522 1618 1588 ratio
1665 1524 2017 1589 reddenda
2062 1524 2203 1607 est;
2251 1538 2371 1587 seu
2418 1520 2643 1603 yreqis
2690 1520 3123 1585 ususfructus
3160 1519 3251 1584 sit

587 1630 1011 1698 constitutus
1042 1631 1206 1715 (68),
1241 1648 1380 1717 seu,
1414 1630 1665 1714 verius„
1715 1630 1929 1695 unius
1974 1628 2227 1710 capitis
2273 1628 2568 1703 tantum,
2618 1628 2781 1711 quia
2828 1627 3005 1709 quod
3052 1644 3131 1692 ex
3178 1643 3253 1691 re

585 1756 738 1805 mea
781 1739 1102 1821 superest,
1143 1728 1372 1803 'meum
1419 1738 1512 1804 est
1559 1736 1725 1821 (69).
1761 1736 2103 1819 Ceterum,
2136 1736 2545 1801 animalium
2594 1753 2767 1817 quae
2806 1736 3071 1817 praedii
3118 1735 3252 1799 fru-
3340 1802 3356 1811 ,

513 1832 519 1840 ’
586 1846 834 1913 ctuarii
884 1844 1112 1913 dotem
1161 1843 1614 1932 constituunt,
1669 1862 1810 1911 non
1867 1861 2090 1930 verne,
2144 1846 2263 1909 sed
2318 1844 2511 1926 quasi
2569 1842 3001 1908 ususfructus
3049 1841 3249 1907 intel-

588 1953 831 2036 ligitur
877 1954 1036 2035 (70).

667 2218 796 2297 (60)
840 2217 909 2277 G.
953 2216 1046 2291 6.,
1092 2216 1240 2289 5;94
1287 2215 1389 2290 Ι6.,
1434 2216 1567 2273 490.
1601 2215 1731 2275 Nec
1775 2236 1866 2274 sa-

585 2302 671 2359 tis
712 2304 827 2374 est,
859 2318 964 2357 eas
996 2296 1418 2374 implantasse,
1450 2298 1504 2353 si
1533 2296 1792 2372 postea'
1777 2317 1867 2353 in-

587 2380 879 2439 ter-ierint
909 2377 1121 2455 (Salv.,
1154 2377 1193 2454 ξ
1222 2376 1385 2453 225).
1431 2376 1577 2434 Iure
1607 2396 1865 2434 commu-

583 2462 667 2533 ni,
713 2458 877 2519 solae
920 2462 1234 2516 emortuae
1264 2455 1364 2533 (L.
1408 2456 1501 2530 22,
1546 2458 1604 2513 Ιι.
1635 2456 1720 2534 t.,)
1753 2458 1865 2514 sci·
1921 2482 1933 2493 ·

583 2540 731 2599 licet
788 2558 864 2597 ne
928 2537 1334 2609 fructuariae,
1392 2541 1646 2612 propter
1707 2554 1861 2595 onus

1979 2216 2149 2273 1094.
2196 2218 2299 2274 Eoe
2339 2218 2589 2294 ayvvatis
2632 2234 2741 2273 seu
2779 2214 2965 2288 natiS,
3010 2233 3119 2273 seu
3150 2234 3252 2272 na·

1975 2298 2231 2354 scituris
2303 2296 2602 2369 Laurent,
2648 2294 2761 2367 VI,
2820 2294 2979 2371 536),
3039 2295 3091 2352 si
3148 2314 3251 2352 na-

1975 2381 2234 2436 scantur
2303 2375 2488 2450 Salv.,'
2537 2375 2694 2453 168).

2054 2455 2181 2535 (67)
2226 2456 2323 2513 Ex
2366 2455 2433 2514 C.
2492 2455 2587 2529 6.,
2644 2454 2794 2527 616;
2851 2454 2954 2529 Ι6.,
3000 2454 3133 2528 513,
3182 2456 3247 2527 1;

1974 2536 2261 2610 Durant.‚
2308 2535 2385 2611 V,
2414 2536 2563 2608 630;
2596 2535 2908 2608 Mareade,
2939 2534 3080 2592 Art.
3110 2534 3246 2608 613,

583 2620 741 2678 alias
825 2616 1240 2691 substinendi,
1325 2618 1461 2695 cogi
1541 2617 1863 2676 videretur

463 2703 468 2706 ’
583 2701 784 2775 quoad
815 2699 972 2758 alias
1002 2717 1213 2757 casum
1237 2701 1560 2774 praestare
1597 2697 1698 2774 (V.
1729 2698 1859 2756 LL.

586 2781 676 2855 13,
720 2781 816 2855 66,
863 2778 1140 2856 Eodem).

662 2825 816 2938 '(61)
837 2859 912 2916 V.
976 2859 1224 2920 Mazzo„
1291 2857 1416 2932 ΙΙΙ,
1476 2859 1570 2914 55.
1629 2857 1861 2916 Verum

583 2942 634 2998 si
682 2939 954 3012 avulsae,
1014 2939 1309 3012 deiectae,
1361 2937 1718 2996 confractae
1775 2938 1863 2996 in-

581 3020 1044 3078 commodiorem
1087 3016 1346 3076 usumfr.
1378 3017 1476 3076 vel
1527 3019 1650 3075 iter
1692 3037 1863 3094 prae-

582 3105 772 3174 stent,
797 3101 932 3177 cogi
957 3103 1165 3176 potest
1202 3104 1273 3155 ut
1295 3117 1402 3156 eas
1427 3097 1609 3156 tollat
1635 3096 1733 3176 (L.
1763 3099 1859 3170 22,

580 3180 620 3258 ἓ
674 3183 723 3256 1,
769 3183 826 3238 1.1
871 3179 957 3254 t..)
1002 3178 1290 3254 Amplius
1333 3182 1540 3255 potest
1591 3177 1670 3235 ad
1713 3175 1863 3236 refe-

579 3263 846 3319 ctionem
877 3259 1116 3337 praedii
1153 3258 1506 3332 fructuarii,
1537 3263 1602 3317 et
1629 3257 1729 3316 his
1761 3259 1857 3315 uti

460 3331 469 3339 ’
581 3341 820 3399 avulsis
864 3344 1040 3412 forte,
1085 3343 1199 3396 aut
1238 3338 1578 3397 confractis
1621 3336 1714 3416 (C.
1759 3337 1853 3413 6,

579 3386 1081 3496 59231t„4ss').

659 3467 787 3578 (6²2)
832 3500 962 3558 LL.
1007 3501 1100 3574 75,
1147 3499 1240 3573 76,
1287 3501 1318 3573 g
1367 3499 1418 3573 1,
1449 3503 1507 3558 h.
1537 3503 1621 3572 t.,·
1651 3496 1718 3557 o.
1751 3497 1853 3572 It.,

449 3659 456 3668 ι
579 3581 712 3638 512.

659 3661 787 3738 (63)
844 3661 917 3718 L.
981 3660 1075 3735 30,
1150 3659 1508 3727 Quemadm.
1564 3655 1855 3734 Ususfr.;

580 3761 692 3800 nec
735 3741 1126 3799 fructuarius
1169 3738 1406 3812 aliquid
1453 3745 1754 3816 praestat,
1800 3741 1855 3797 si

577 3822 1044 3979 Οαῗὲἕθὲθῗέξ,
1097 3901 1245 3974 5133
1304 3899 1380 3958 v.
1439 3898 1505 3959 o.
1565 3899 1658 3972 6.,
1717 3900 1853 3959 616

575 3980 771 4056 Idest,
777 4000 984 4039 eorum
1007 3999 1165 4056 quae
1188 3999 1337 4038 casu
1361 3985 1627 4057 pereunt
1642 3979 1739 4039 (L.
1759 3981 1852 4053 74,

576 4064 633 4118 h
658 4063 785 4220 (65)
830 4141 902 4199 L.
933 4142 1026 4214 75,
1075 4143 1272 4216 Εοᾱ.,·
1313 4139 1380 4198 C.
1425 4139 1527 4214 It.,
1561 4141 1698 4212 513,
1728 4141 1768 4216 ξ
1802 4143 1854 4198 1.

654 4221 782 4298 (66)
826 4221 955 4279 LL.
1004 4223 1094 4293 15,
1141 4222 1234 4294 75,
1281 4221 1373 4293 76,
1418 4225 1476 4278 h.
1519 4225 1602 4294 t.,·
1645 4219 1712 4278 O.
1758 4219 1851 4294 6.,

575 4321 650 4391 ex
695 4301 836 4360 Art.
879 4301 1028 4374 6153
1071 4301 1176 4375 It.,
1222 4301 1370 4374 5133
1413 4300 1704 4374 Proudh.,
1735 4299 1851 4372 IV,

1972 2616 2041 2691 33
2086 2616 2336 2687 Demol.,
2370 2616 2451 2691 X,
2483 2616 2618 2672 316.
2651 2614 2830 2674 Alias
2861 2614 2958 2674 lex
2986 2634 3059 2672 ea
3089 2633 3248 2690 quae

1972 2703 2280 2774 superunt
2308 2699 2519 2774 capita
2542 2697 2720 2754 reddi
2757 2697 3047 2754 iussisset
3072 2695 3250 2773 (Gon-

1973 2782 2072 2835 tra
2102 2778 2232 2836 LL.
2264 2779 2300 2833 5
2330 2781 2395 2836 66
2424 2777 2556 2852 ult„
2597 2776 2833 2844 Quibus
2866 2777 3025 2834 mod.
3068 2777 3249 2835 Usus—

1969 2860 2157 2933 fruct.
2200 2857 2447 2936 amztt..)

2052 2937 2179 3014 (68)
2222 2937 2289 2996 Ο.
2321 2937 2415 3010 6.
2460 2937 2610 3009 616;
2654 2936 2756 3008 Ι6.,
2802 2935 2939 2993 513.

2051 3015 2179 3096 (69)
2224 3017 2319 3074 Ex
2351 3019 2457 3075 cit.
2489 2983 2658 3074 AA⁷.
2646 3015 2945 3090 ,Mazzo.,
2976 3015 3105 3090 ΙΙΙ,
3151 3015 3245 3073 78.

1970 3097 2098 3155 Alii
2144 3097 2315 3155 aliud
2347 3101 2594 3174 putant,
2625 3097 2771 3171 quia
2802 3095 2901 3154 lex
2945 3094 3107 3171 quod
3150 3115 3249 3152 vo-

1968 3177 2091 3235 luit
2131 3179 2462 3254 expressit.
2488 3177 2607 3236 Sed
2630 3175 2843 3235 eadem
2866 3181 2966 3234 est
2988 3177 3150 3234 ratio
3180 3177 3247 3234 in

1970 3263 2231 3332 utroque
2262 3277 2442 3315 casu:
2486 3262 2553 3316 et
2592 3275 2768 3314 nemo
2811 3255 3082 3332 locuples
3110 3253 3243 3314 fieri

1968 3337 2153 3397 debet
2193 3357 2332 3396 cum
2388 3337 2593 3396 aliena
2652 3338 2914 3395 iactura.
2979 3336 3139 3396 Caro
3180 3340 3248 3395 et

1966 3421 2203 3477 corium
2264 3421 2334 3476 in
2394 3421 2611 3494 fructu
2664 3436 2792 3476 own
2848 3421 2935 3474 est
2992 3416 3091 3494 (L.
3148 3415 3241 3490 30,

1976 3497 2149 3565 Qutb.
2180 3501 2339 3557 mod.
2382 3499 2622 3573 ususfr.
2665 3497 2911 3575 amitt).

2047 3577 2175 3656 (70)
2245 3576 2311 3637 C.
2384 3577 2486 3650 It.,
2560 3578 2695 3635 514.
2754 3577 2818 3634 Si
2875 3577 2942 3634 in
2999 3575 3247 3634 usufru-

1966 3662 2073 3716 ctu
2118 3663 2267 3715 sunt
2311 3659 2557 3716 nomina
2613 3658 2979 3732 debitorum,
3030 3657 3245 3715 inscri-

1966 3740 2210 3815 ptiones
2259 3737 2745 3814 hypothecariae
2801 3755 2911 3795 suo
2968 3742 3241 3812 tempore

1966 3837 2264 3877 renovare
2294 3818 2508 3891 debet3
2540 3819 2721 3875 immo
2750 3835 2987 3892 capere,
3018 3817 3071 3874 si
3100 3835 3246 3878 non-

1965 3899 2111 3956 dum
2168 3897 2507 3974 inscriptae
2553 3899 2700 3973 sint,
2757 3902 2823 3956 et
2878 3897 3121 3954 debitor
3162 3895 3241 3954 ad

1966 3980 2235 4053 inopiam
2266 3997 2523 4055 vergere
2554 3978 2825 4055 coeperit
2856 3977 3091 4050 (Laut,
3124 3975 3238 4048 VI,

1965 4062 2124 4135 416).
2158 4059 2416 4116 Demum
2446 4063 2512 4116 et
2543 4064 2742 4116 sortes
2771 4059 3020 4134 exigere
3062 4075 3242 4132 posse

1964 4159 2102 4197 cum
2146 4139 2279 4196 dies
2325 4141 2586 4212 venerit,
2631 4143 2881 4214 recepta
2926 4136 3243 4195 sententia

1964 4223 2062 4276 est
2104 4219 2339 4296 (Lanu,
2384 4219 2545 4294 414).
