3584 5350
677 387 852 434 sacr.
900 387 970 431 11.
1013 386 1154 431 cAP.
1199 389 1240 432 1.
1286 388 1373 431 DE
1417 366 1899 431 nns'rwu'rlona
1942 388 2025 431 Ex
2074 386 2339 430 1N1UsrA
2383 384 2791 466 AccEPJ'IONE
2955 370 3077 443 191,

1463 650 1849 727 SEOTIO
1916 652 2022 726 II.

1072 828 1173 896 De
1215 830 1521 911 utraque
1565 829 2029 896 restitutione
2076 846 2415 896 seorsum.

540 1030 689 1092 230.
737 1026 1092 1092 Hactenus
1140 1028 1224 1091 de
1269 1027 1400 1113 hiS,
1478 1043 1654 1109 quae
1722 1026 2121 1092 communia
2188 1027 2352 1093 sunt
2398 1027 2756 1109 utriusque
2801 1025 3071 1091 restitu-

406 1133 636 1218 tionis,
683 1149 874 1199 nunc
919 1135 1004 1199 de
1053 1134 1180 1218 his,
1215 1118 1391 1215 quae
1421 1136 1585 1199 sunt
1607 1134 1886 1216 propria
1911 1132 2289 1216 utriusque,
2314 1134 2684 1216 separatim
2717 1133 3067 1215 agendum

402 1239 508 1305 est
551 1241 828 1321 paucis:
878 1256 1041 1305 nam
1089 1240 1350 1305 distant
1398 1242 1472 1306 in
1516 1241 1776 1306 multis.
1827 1238 1915 1305 Et
1961 1242 2037 1305 in
2062 1241 2340 1324 -primis‘
2371 1258 2460 1305 ex
2506 1238 2783 1324 obiecta,-
2812 1238 3069 1304 etenim

403 1344 752 1411 restitutio
796 1363 886 1412 ex
931 1346 1193 1413 iniusta
1237 1349 1635 1430 acceptione
1679 1364 1826 1413 rem
1872 1345 2374 1430 interemptam,
2420 1344 2765 1413 restitutio
2840 1364 2929 1411 ex
2995 1362 3072 1410 re

403 1452 660 1519 iniuste
705 1454 988 1536 accepta
1031 1472 1175 1520 rem
1224 1454 1558 1520 exstantem
1603 1452 1949 1537 supponit.
1998 1452 2258 1521 Verum
2326 1454 2491 1536 quia
2559 1455 2689 1520 hoc
2755 1470 2899 1519 non
2967 1451 3072 1517 est

402 1560 811 1642 perpetuum
861 1560 1077 1644 (puta,
1125 1578 1285 1627 cum
1333 1561 1486 1643 quis
1531 1577 1677 1626 rem
1725 1560 2027 1626 alienam
2074 1560 2350 1626 tantum
2398 1561 2804 1627 deteriorem
2882 1557 3067 1643 fecit,

403 1666 528 1731 aut
559 1684 648 1734 ex
680 1685 752 1733 re
785 1668 1015 1733 aliena
1043 1669 1348 1751 percepit
1391 1668 1680 1753 fructus,
1727 1684 1897 1751 quos
1944 1668 2421 1753 consumpsit),
2468 1670 2874 1750 plerumque
2918 1682 3073 1733 con·

403 1776 712 1840 currunt:
762 1777 1041 1858 quando
1085 1777 1318 1841 autem
1365 1775 1807 1855 concurrunt,
1856 1774 2165 1861 utraque,
2236 1776 2317 1840 ut
2358 1776 2510 1841 dixi
2579 1774 2640 1857 (ξ
2669 1777 2815 1860 195,
2862 1792 2930 1839 n.
2980 1773 3069 1857 9),

402 1896 528 1946 suo
575 1881 723 1947 iure
757 1882 1032 1965 suisque
1077 1883 1336 1965 regulis
1369 1882 1597 1948 metiri
1629 1882 1852 1948 debet.
1900 1882 2049 1949 Hoc
2078 1883 2403 1965 primum:
2431 1883 2679 1947 deinde
2725 1880 3071 1946 restitutio
3135 1962 3141 1971 κ

403 2004 490 2053 ex
525 1988 785 2054 iniusta
829 1988 1226 2076 acceptione
1272 1988 1522 2055 nititur
1553 1990 1813 2063 iniuria
1858 1989 2153 2075 formali,
2186 1988 2532 2055 restitutio
2577 2006 2665 2053 ex
2710 2006 2785 2053 re
2815 1986 3071 2053 iniuste

403 2094 684 2177 accepta
730 2097 842 2160 vel
873 2097 1018 2162 sola
1049 2096 1393 2163 materiali
1425 2098 1686 2162 iniuria
1717 2096 1967 2162 nititur
2000 2114 2015 2160 :
2048 2097 2255 2179 atque
2286 2097 2440 2161 ideo
2471 2096 2593 2160 illa
2624 2095 2815 2161 velut
2846 2110 3069 2177 poena

403 2202 742 2283 quaedam
777 2201 898 2286 est,
932 2204 1102 2268 haec
1149 2220 1290 2268 non
1338 2202 1526 2267 item.
1561 2202 1655 2267 At
1700 2219 1862 2269 vero
1908 2202 1966 2267 si
2015 2202 2168 2284 quis
2214 2190 2305 2267 ex
2349 2202 2612 2267 iniusta
2676 2200 3071 2284 acceptione

401 2306 626 2372 factus
673 2307 764 2372 sit
807 2309 1232 2395 locupletior,
1282 2310 1353 2373 in
1401 2306 1837 2374 restitutione
1884 2310 2032 2374 eius
2078 2308 2150 2373 in
2200 2326 2337 2391 quo
2380 2307 2603 2373 factus
2648 2308 2752 2373 est
2784 2308 3075 2388 locuple-

405 2412 540 2478 tior
581 2431 802 2495 poena
847 2432 990 2480 non
1036 2415 1472 2499 intelligitur3
1521 2417 1674 2480 ideo
1722 2414 1956 2481 utrum
2004 2432 2164 2480 eum
2212 2416 2443 2481 teneat
2510 2415 2771 2480 iniuria
2828 2414 3074 2479 forma-

401 2519 508 2604 lis,
557 2537 649 2584 an
695 2519 1073 2587 materialis
1119 2520 1413 2606 tantum,
1449 2522 1571 2587 vix
1602 2524 1690 2587 ad
1719 2538 1866 2587 rem
1901 2522 2215 2603 pertinet:
2252 2539 2415 2587 nam
2448 2522 2640 2604 quasi
2690 2538 2780 2607 eit
2811 2520 3073 2585 iniusta

401 2627 797 2710 acceptione
845 2630 1155 2695 tenetur:
1205 2632 1289 2695 de
1335 2631 1466 2696 hoc
1511 2628 1729 2714 igitur
1773 2631 2120 2712 agendum
2148 2629 2280 2695 erit
2309 2646 2467 2695 cum
2512 2631 2594 2694 de
2638 2626 3075 2694 restitutione

401 2753 490 2801 ex
536 2753 610 2802 re
657 2738 913 2803 iniuste
959 2737 1240 2821 accepta
1284 2738 1418 2803 erit
1461 2740 1841 2824 agendum3
1889 2740 2068 2820 quod
2117 2739 2327 2802 velim
2374 2735 2855 2804 animadverti.

1542 2986 1839 3053 CAPUT
1885 2989 1939 3053 I.

884 3162 981 3214 DE
1028 3161 1563 3241 Rmswl'rUTIpNE
1611 3161 1710 3214 EX
1757 3161 2056 3215 INIUS'I'A
2104 3160 2581 3214 AGOEPTIONE.

625 3365 806 3428 ΛΒΤ.
857 3365 907 3428 Ι.
961 3343 1100 3444 Ono
1146 3361 1324 3444 facto
1371 3380 1539 3446 opus
1582 3363 1677 3429 sit
1721 3365 1817 3429 ad
1862 3362 2343 3446 obliqationem
2390 3361 2852 3428 restitutionis

1183 3487 1263 3535 ex
1309 3470 1430 3536 hoc
1473 3469 1694 3550 capite
1739 3468 2299 3552 contrahendam.

537 3633 686 3695 231.
734 3630 923 3696 Haec
969 3630 1334 3716 restituti0,
1383 3631 1496 3696 cui
1543 3631 1853 3713 apprime
1899 3629 2227 3695 convenit
2272 3628 2728 3695 restitutionis
2760 3625 3071 3693 definitio

399 3735 462 3818 (ξ
499 3738 644 3823 195,
675 3754 744 3802 n.
781 3737 868 3824 3),
917 3740 1101 3820 quod
1145 3740 1235 3802 ad
1281 3739 1614 3803 damnum
1663 3753 1963 3822 passum,
2012 3719 2542 3822 creditum'est3
2590 3737 2711 3800 sed
2756 3737 2939 3818 quod
2972 3735 3074 3800 ‘ad

399 3860 560 3908 eum
608 3845 725 3927 qui
775 3847 1110 3911 damnum
1185 3847 1396 3930 dedit,
1464 3844 1568 3910 est
1636 3846 1971 3926 quaedam
2044 3845 2241 3925 quasi
2304 3861 2523 3924 poena
2593 3842 3071 3926 (pecuniaria),

403 3951 657 4032 quippe
703 3950 1197 4032 patrimonium
1247 3953 1394 4016 eius
1442 3950 1770 4016 diminuit
1820 3951 1938 4033 (1).
1992 3951 2475 4034 Quamobrem,
2543 3967 2634 4015 ex
2681 3951 2810 4015 hoc
2856 3948 3072 4032 poste·

479 4135 570 4214 (1)
599 4134 698 4192 Ex
729 4135 800 4194 L.
831 4135 885 4210 3,
952 4135 990 4213 ξ
1021 4136 1223 4210 Hanc,
1281 4136 1354 4195 Sc
1393 4155 1679 4211 mensor„
1790 4137 1942 4193 tiam
1985 4135 2212 4194 iudicis
2242 4133 2537 4208 debetur3
2562 4133 2686 4208 illa,
2718 4135 2785 4192 3⁰
2812 4133 3071 4192 heredes

399 4214 548 4289 ibiq.
593 4213 712 4288 Gl.;
757 4214 834 4274 D.
877 4216 1008 4289 Th„
1053 4217 1106 4291 2,
1138 4217 1192 4290 2,
1224 4217 1318 4289 67,
1349 4218 1386 4272 7
1411 4236 1425 4291 ;
1483 4217 1675 4290 Lesa„
1787 4235 1910 4274 non
1958 4221 2148 4289 tenet,
2194 4215 2345 4274 haec
2389 4220 2583 4288 tenet,
2630 4234 2704 4272 ex
2737 4216 2869 4272 iure
2900 4233 3073 4272 cano-

399 4292 488 4370 11,
536 4296 589 4368 7,
634 4295 730 4368 27;
776 4295 834 4354 S.
864 4295 1070 4373 Alph.,
1117 4295 1244 4370 III,
1289 4298 1423 4354 550.
1484 4296 1681 4364 Quasi
1790 4298 1927 4355 nico
1957 4296 2185 4370 ubique
2214 4300 2481 4371 recepto.
2512 4295 2741 4370 Itaque
2786 4313 2861 4352 ex
2891 4301 3071 4370 parte

400 4375 622 4452 (Lug0‚
656 4374 844 4450 VIII,
889 4377 1003 4437 59:
1050 4376 1126 4434 V.
1192 4375 1231 4454 ξ
1278 4377 1408 4452 196,
1455 4397 1513 4434 n.
1561 4377 1636 4434 10
1642 4393 1678 4451 ):
1790 4376 1926 4434 eius
1950 4379 2059 4451 qui
2082 4375 2375 4434 damnum
2405 4375 2599 4443 dedit,
2631 4379 2731 4432 est
2759 4393 2952 4450 poena
2976 4393 3073 4450 pe-

399 4455 630 4513 etenim
673 4475 710 4512 a
731 4475 900 4514 mera
923 4475 1117 4533 poena
1146 4455 1431 4532 pluribus
1462 4456 1679 4530 distat3
1789 4458 2093 4530 cuniaria,
2126 4457 2273 4530 quia
2304 4455 2603 4512 diminuit
2630 4455 3073 4530 patrimonium

399 4554 560 4608 nam,
610 4535 672 4591 1⁰
713 4535 866 4594 haec
909 4542 1009 4595 est
1069 4556 1264 4612 poena
1329 4537 1678 4610 dumtaxat,
1791 4537 1963 4594 eius:
2008 4557 2084 4595 ex
2128 4541 2306 4613 parte
2371 4535 2663 4593 damnum
2725 4535 2915 4611 passi,
2974 4541 3107 4606 est,

398 4617 720 4673 restitutio
763 4617 1031 4675 debitum
1095 4635 1335 4691 quoque
1392 4617 1679 4676 naturale
1791 4618 1956 4675 actio
1999 4618 2085 4675 rei
2132 4617 2557 4693 persecutoria
2602 4615 2729 4692 (Ex
2759 4614 2831 4671 L.
2855 4615 2953 4689 34,
2980 4615 3075 4672 De

397 4699 499 4753 est
541 4694 761 4773 (Lugo,
809 4695 994 4771 XIX,
1029 4697 1152 4776 94);
1196 4697 1261 4754 2⁰
1303 4717 1498 4774 poena
1541 4700 1681 4757 sim·
1791 4700 1863 4756 A.
1908 4703 1963 4756 et
2014 4697 2124 4776 O.).
2160 4713 2165 4724 ‘

397 4775 648 4852 pliciter
679 4781 842 4853 post,
887 4779 1210 4836 restitutio
1252 4783 1394 4836 ante
1437 4783 1680 4836 senten-

1779 4924 1809 4966 Ι
