3584 5350
1140 358 1353 402 CAPUT
1396 358 1467 401 11.
1512 358 1599 401 nn·
1640 357 2144 403 CONTRAGTIBUS·
2183 358 2388 403 1N1'r1s
2978 342 3094 401 359

427 506 653 593 fuerit,
690 502 857 574 'non
926 510 1122 591 quasi
1186 508 1529 591 creditori,
1592 506 1890 585 creditor
1951 508 2138 573 enim
2203 508 2334 573 sibi
2395 492 2736 592 vigilavit,
2801 506 2970 589 puta
3037 507 3096 570 si

426 616 688 699 aliquid
734 616 810 681 in
856 616 1151 681 solidum
1200 614 1540 697 acceperit
1570 616 1729 697 (33).

558 726 709 789 422.
756 723 998 804 Itaque
1032 723 1103 787 in
1137 722 1469 805 potestate
1503 721 1920 789 creditorum
1953 726 2058 787 est
2105 738 2425 787 revocare
2456 740 2631 805 quae
2663 723 2762 787 sic
2793 722 3096 787 alienata
3145 792 3150 798 ,

424 831 606 908 sunt,
656 846 905 911 nempe
951 831 1136 896 intra
1186 828 1455 912 tempus
1506 846 1551 894 a
1602 830 1754 911 lege
1812 830 2002 895 civili
2065 830 2432 895 definitum
2465 830 2626 911 (34).
2677 828 2859 905 Quid
2905 829 2966 894 si
3013 829 3095 913 is,

424 940 539 1022 qui
576 938 650 1003 in
682 938 993 1003 fraudem
1028 938 1290 1020 aliquid
1324 956 1367 1002 a
1399 937 1705 1003 debitore
1736 936 1984 1003 nactus
2015 938 2136 1023 est,
2173 938 2346 1003 illud
2378 938 2616 1019 postea
2645 938 2819 1002 mihi
2863 936 3095 1001 vendi-

422 1048 619 1129 derit,
668 1046 1047 1131 donaverit,
1096 1044 1271 1111 etc?
1318 1046 1406 1111 Et
1452 1047 1507 1111 si
1572 1062 1701 1127 ego
1764 1046 1990 1111 sciens
2035 1047 2288 1129 accepi,
2352 1046 2636 1128 perinde
2684 1044 2967 1129 tenebor
3013 1061 3094 1113 ao

424 1154 481 1218 is
526 1170 568 1219 a
614 1170 748 1237 quo
796 1169 903 1218 res
948 1153 1021 1217 in
1072 1170 1183 1217 me
1230 1152 1537 1218 transiit:
1602 1153 1713 1218 sin
1771 1154 2121 1240 ignoranS,
2181 1153 2522 1235 siquidem
2581 1154 2710 1218 hoc
2753 1146 3093 1234 acquisiti

420 1260 579 1327 ante
639 1260 895 1327 editam
957 1260 1027 1324 et
1086 1258 1587 1341 transcriptam
1640 1261 2103 1326 revocationis
2166 1258 2590 1341 instantiam,
2657 1276 2927 1323 mecum
2975 1258 3091 1341 agi

422 1382 629 1447 penes
690 1382 815 1430 nos
884 1364 1183 1447 amplius
1251 1382 1391 1431 non
1462 1364 1712 1446 poterit
1744 1367 1921 1449 (35);
1993 1366 2102 1431 sin
2173 1366 2454 1451 postea,.
2499 1363 2784 1450 poterit,
2849 1380 3091 1429 verum

352 1551 359 1559 ⁸
422 1472 752 1553 quamdiu
802 1488 1071 1537 mecum
1142 1488 1283 1536 non
1331 1470 1565 1553 agitur
1626 1472 1823 1556 mihi,
1887 1472 2141 1557 veriuS,
2203 1472 2510 1553 procedit
2573 1470 2900 1552 usucapio
2933 1470 3088 1551 (36).

420 1578 873 1643 Revocatoria
918 1579 1019 1643 est
1066 1593 1289 1659 poena
1334 1577 1704 1643 alienantis
1736 1580 1912 1663 (3¹03
1976 1578 2150 1665 ide0,
2206 1595 2347 1643 non
2411 1578 2486 1644 in
2546 1594 2689 1643 rem
2737 1577 2920 1643 actio
2966 1574 3089 1662 est,

420 1686 538 1749 sed
584 1684 657 1749 in
708 1700 1066 1765 personam
1100 1684 1261 1765 (38).
1312 1684 1484 1749 Cum
1517 1683 1751 1749 autem
1793 1684 2164 1767 impetrata
2196 1684 2424 1767 fuerit,
2458 1681 2740 1749 effectus
2785 1681 3088 1765 praestat

418 1792 725 1875 perinde
750 1793 941 1873 quasi
991 1792 1337 1857 restitutio
1370 1793 1443 1857 in
1478 1792 1860 1874 integi-:um
1912 1809 2075 1857 nam
2123 1790 2451 1857 alienatio
2505 1790 2868 1857 revocatur
2913 1792 3089 1876 (39);

418 1898 488 1963 et
533 1898 590 1963 si
638 1914 981 1979 possessor
1026 1898 1290 1963 fraudis
1336 1899 1678 1981 particeps
1727 1899 1881 1983 fuit,
1918 1898 2192 1964 tenetur
2224 1900 2420 1981 quasi
2476 1908 2818 1981 possessor
2865 1915 2954 1963 m.
3005 1898 3088 1985 f.;

418 2006 527 2069 sin
577 2004 829 2089 minus,
878 2006 1071 2087 quasi
1122 2006 1184 2069 b.
1234 2004 1279 2069 f.
1330 2020 1674 2087 possessor
1704 2006 1867 2087 (40).

552 2114 701 2177 423.
753 2112 1011 2176 Verum
1058 2110 1394 2178 hactenus
1454 2129 1543 2177 ex
1598 2112 1748 2176 iure
1805 2113 2032 2177 civili:
2099 2111 2404 2209 naturali
2466 2114 2620 2178 iure
2681 2113 2890 2197 fraus,
2937 2113 3087 2177 sine

416 2235 575 2284 vero
619 2218 987 2283 fraudandi
1037 2219 1343 2303 consilio,
1393 2222 1599 2300 atque
1646 2219 1800 2285 ideo
1847 2220 1998 2284 sine
2059 2221 2337 2301 peccato
2393 2220 2590 2302 gravi
2645 2220 2718 2283 in
2768 2236 2841 2283 re
2888 2220 3084 2302 gravi

416 2341 554 2389 non
590 2324 1039 2407 intelligitur:
1074 2325 1143 2389 et
1178 2326 1247 2389 in
1282 2326 1525 2407 primis
1557 2344 1696 2392 non
1722 2330 1826 2392 est
1850 2328 2339 2410 inquietandus
2365 2326 2632 2393 debitor
2656 2329 2770 2410 qui
2807 2327 3086 2407 alienat,

498 2508 625 2587 (33)
670 2510 743 2567 L.
806 2510 861 2583 6,
926 2510 965 2587 ἕ
1029 2508 1379 2585 Sciendum,
1446 2512 1696 2570 Eodem.

416 2588 555 2647 Non
600 2608 780 2649 secus
824 2608 896 2648 ac
937 2592 993 2648 is
1036 2592 1142 2665 qui
1194 2590 1460 2650 solidum
1516 2610 1697 2649 suum

1811 2531 2031 2571 versus
2059 2510 2376 2587 fraudem3
2406 2532 2564 2588 quae
2592 2513 2823 2572 idcirco
2853 2517 2921 2573 in
2943 2516 3089 2575 dela·-

1809 2598 1975 2651 ctum
2017 2593 2157 2651 dari
2198 2593 2356 2653 alias
2398 2594 2634 2652 dicitur
2675 2592 2880 2672 (Voet,
2927 2598 3004 2652 n.'
3029 2598 3083 2671 4,

414 2670 723 2730 creditum
764 2671 969 2749 exigit
1002 2691 1037 2729 a
1068 2670 1346 2731 debitore
1376 2672 1485 2747 qui
1513 2675 1699 2732 omni—

414 2753 531 2810 bus
574 2751 869 2810 solvendo
912 2771 1031 2810 non
1076 2757 1175 2810 est
1217 2752 1283 2830 (ξ
1329 2751 1485 2830 193),
1538 2771 1699 2812 nem-

416 2851 508 2908 pe,
553 2831 699 2890 dum
744 2852 821 2890 ne
850 2833 1187 2890 extorserit
1230 2834 1431 2890 invito
1469 2832 1568 2911 (L.
1598 2833 1693 2909 24,

495 2912 623 3067 (32)
650 2991 843 3066 Less.,
862 2991 951 3066 ΙΙ,
971 2992 1066 3065 21,
1086 2993 1201 3050 142
1219 3012 1232 3060 ;
1259 2993 1319 3050 S.
1334 2993 1541 3070 Alph.,
1568 2991 1693 3068 ΙΙΙ,

411 3072 548 3128 827.
588 3071 1001 3152 ,Revocatoria
1038 3073 1171 3130 iure
1200 3075 1505 3132 communi
1535 3093 1695 3132 anno

412 3151 751 3210 finiebatur
792 3152 891 3230 (L.
952 3155 1003 3226 1,
1070 3151 1239 3222 Quae
1295 3157 1361 3212 ἰη
1416 3156 1694 3229 fraud.);

410 3252 487 3291 ex
532 3230 671 3290 NN.
703 3231 835 3300 LL.
870 3236 1080 3290 utrum
1110 3234 1551 3308 quinquennio,
1586 3253 1693 3292 seu

412 3311 711 3370 decennio
754 3312 856 3388 (V.
902 3313 941 3388 ξ
983 3311 1118 3385 420,
1162 3333 1223 3370 11.
1267 3313 1369 3390 20)
1414 3311 1691 3389 finiatur,

410 3412 493 3451 an
540 3393 859 3468 tricenniO,
904 3411 1024 3450 non
1071 3394 1230 3451 satis
1265 3395 1561 3452 convenit
1567 3394 1692 3485 ·(V.

412 3471 598 3531 Zach.
606 3473 842 3548 ,§313,
868 3493 926 3530 n.
965 3472 1085 3550 28).
1117 3473 1251 3531 Ηο0
1276 3475 1691 3533 communius:

411 3557 621 3610 utrum
666 3557 731 3610 et
772 3554 1009 3611 rectius
1056 3553 1334 3612 viderint
1377 3552 1429 3611 I.
1475 3552 1541 3612 O.

491 3631 620 3712 (35)
664 3631 732 3691 G.
776 3630 879 3707 It„
927 3634 1097 3706 1235,
1143 3633 1197 3691 2.

492 3712 620 3788 (36)
666 3711 871 3787 Zach.,
915 3713 1050 3786 313,
1096 3714 1159 3770 in
1204 3711 1263 3770 fi.

491 3791 619 3868 (37)
663 3791 737 3850 L.
781 3792 912 3866 ult„
988 3793 1155 3860 Quae
1213 3797 1279 3852 ἰη
1333 3795 1567 3869 fraud„
1626 3796 1689 3852 in

408 3871 449 3930 fi
458 3870 602 3937 ,7Et
631 3839 1071 3947 quodaminodo
1102 3875 1291 3931 etiam
1320 3875 1691 3950 accipientis

410 3952 615 4030 (Voet,
646 3952 741 4028 42,
773 3953 855 4028 8).
888 3950 1068 4024 Quod
1100 3953 1285 4010 velim
1316 3973 1391 4012 ne
1421 3954 1689 4013 excidat.

490 4031 619 4128 (38)
664 4031 736 4089 L.
786 4034 833 4106 1,
888 4034 927 4107 ξ
992 4033 1156 4092 Haec
1217 4035 1393 4104 ασείο,
1459 4035 1553 4107 26,
1620 4033 1693 4094 Si

409 4115 559 4190 quid
589 4115 657 4171 ἰη
684 4114 901 4187 fraud.
921 4119 1193 4190 patron„
1224 4115 1441 4172 iuncta
1470 4113 1542 4172 L.
1593 4115 1688 4189 38,

410 4193 449 4268 ς
491 4193 546 4265 4,
590 4193 685 4250 De
738 4195 921 4252 Usu-r.
967 4193 1064 4250 Ex
1107 4213 1227 4267 quo
1269 4193 1368 4252 vel
1415 4214 1536 4252 uno
1591 4194 1689 4254 fas

407 4279 507 4330 est
550 4272 918 4350 intelligere,
971 4272 1209 4331 nullum
1275 4293 1527 4353 prorsus
1592 4278 1691 4334 ius

409 4371 471 4410 m
518 4371 583 4410 re
624 4357 968 4428 competere
1032 4353 1445 4412 creditoribus
1502 4375 1690 4432 super

406 4433 593 4490 rebus
612 4433 672 4488 in
694 4431 973 4490 fraudem
994 4433 1286 4492 alienatis
1304 4433 1508 4509 (Voet,
1529 4455 1587 4493 n.
1606 4437 1685 4511 2),

405 4530 583 4569 secus
627 4531 698 4571 ac
742 4512 1057 4571 nonnullis
1101 4512 1153 4570 Ι.
1197 4513 1264 4572 O.
1315 4521 1379 4572 et
1437 4513 1689 4574 Nostris

405 4590 720 4668 plerisque
766 4593 967 4650 visum
1012 4599 1127 4652 est.
1173 4592 1365 4651 Immo
1396 4595 1559 4652 actio
1590 4601 1687 4653 est

406 4674 472 4729 ἱπ
513 4674 751 4746 factum
800 4672 898 4742 (L.
944 4675 1036 4745 14,
1086 4674 1285 4749 an),
1332 4694 1546 4749 nempe
1584 4676 1687 4732 im-

403 4751 659 4828 probum
705 4751 909 4830 (Voet,
955 4754 1061 4811 cit.
1106 4774 1167 4812 11.
1212 4755 1306 4833 2);
1362 4755 1533 4814 idest
1588 4756 1689 4814 ad-

1809 2675 1874 2732 in
1915 2671 2020 2748 fi.).
2064 2672 2153 2732 Et
2187 2675 2324 2733 ideo
2353 2675 2430 2733 ad
2461 2694 2596 2734 eam
2626 2674 2893 2734 dandam
2925 2675 3087 2736 suffi—

1807 2756 1913 2828 cit,
1945 2759 2018 2812 ut
2046 2756 2190 2830 quis
2217 2775 2408 2814 unum
2439 2760 2686 2814 tantum
2717 2752 3086 2816 creditorem

1807 2833 2100 2893 fraudare
2133 2835 2496 2908 intenderit,
2520 2840 2593 2893 ut
2609 2841 2672 2894 et
2689 2837 2916 2894 ceteris
2933 2857 3086 2910 quos

1807 2915 2142 2992 ignoravit,
2187 2915 2340 2974 haec
2381 2917 2545 2974 actio
2588 2915 2805 2989 detur;
2835 2935 2902 2974 re
2932 2918 3086 2978 inte-

1807 3015 1918 3070 gra
1965 2995 2063 3065 (L.
2111 2995 2202 3070 10,
2248 2995 2287 3072 ξ
2331 2997 2676 3070 Praeterea,
2741 2999 2808 3054 et
2869 2999 3083 3076 seqq.).

1808 3075 1910 3148 Et,
1957 3095 2032 3134 ex
2075 3076 2339 3150 diversO,
2385 3077 2439 3134 si
2483 3095 2606 3134 non
2633 3077 2784 3152 ipse,
2817 3077 2927 3135 sed
2957 3097 3086 3153 pro-

1806 3159 2058 3214 curator
2101 3157 2252 3229 eius,
2303 3161 2488 3228 tutor,
2533 3161 2785 3214 curator
2841 3155 3084 3217 fraudis

1805 3236 2090 3294 conscius
2133 3233 2343 3310 fuerit,
2388 3237 2540 3295 haec
2590 3238 2756 3294 actio
2816 3237 2882 3294 in
2945 3257 3084 3296 eum

1805 3335 1926 3372 non
1943 3315 2149 3381 datur,
2169 3315 2293 3374 nisi
2307 3322 2619 3391 quatenus
2636 3317 2858 3374 exinde
2876 3315 3085 3376 fact-us

1805 3401 1903 3454 est
1943 3394 2309 3474 locupletior
2373 3395 2521 3465 (Cit.
2580 3397 2652 3454 L.
2720 3397 2811 3471 10,
2877 3397 2915 3474 ξ
2979 3401 3084 3456 Ait

1803 3477 2068 3534 Praetor
2082 3494 2107 3551 ,·
2149 3476 2222 3534 L.
2265 3477 2359 3551 25,
2426 3477 2464 3554 ξ
2529 3475 2603 3536 Sc·
2650 3483 3083 3554 procurator-m

1803 3561 1869 3614 et
1911 3559 1966 3614 si
2009 3556 2142 3633 ipse
2185 3555 2577 3616 fraudaverit.
2621 3577 2742 3615 non
2785 3558 2976 3616 datur
3017 3560 3081 3616 in

1804 3636 2080 3708 heredes,
2125 3637 2246 3694 nisi
2291 3638 2357 3694 in
2401 3636 2462 3694 id
2507 3637 2668 3711 quod
2713 3637 2795 3696 ad
2822 3657 2925 3696 eos
2953 3659 3084 3714 per-

1805 3718 1982 3774 venit
2026 3716 2123 3791 (L.
2172 3719 2290 3792 11).

1884 3796 2012 3872 (39)
2057 3795 2154 3852 Ex
2197 3796 2270 3855 L.
2326 3797 2415 3869 10,
2481 3799 2520 3874 ξ
2583 3798 2928 3872 Praeterea,
2986 3799 3080 3872 22,

1803 3879 1862 3932 11.
1893 3881 1934 3932 t.
1951 3893 1977 3948 ,·
2006 3876 2078 3933 L.
2103 3877 2198 3951 38,
2225 3877 2264 3952 ξ
2286 3879 2361 3935 In
2387 3880 2688 3952 flaviana,
2717 3878 2810 3935 De
2863 3881 3082 3937 Usum:

1802 3975 1926 4030 qua
1969 3955 2031 4014 id
2076 3957 2238 4031 quod
2282 3963 2508 4032 actum,
2553 3963 2800 4034 gestum
2855 3957 3080 4032 fuerat,

1801 4039 2179 4094 rescindz'tur
2206 4037 2304 4113 (L.
2343 4039 2436 4110 32,
2477 4040 2540 4096 in
2585 4036 2689 4114 fi.).
2735 4037 2918 4098 Unde
2961 4059 3082 4096 ma·

1801 4115 2100 4174 nifestum
2130 4124 2228 4175 est
2258 4123 2484 4191 actum,
2517 4137 2624 4176 seu
2656 4123 3081 4176 oonctractum

1801 4196 1878 4253 ab
1924 4197 2104 4253 initio
2147 4197 2425 4254 validum
2469 4197 2684 4272 fuisse,
2729 4204 2791 4254 et
2837 4217 2964 4256 rem
3017 4201 3082 4256 in

1801 4275 2086 4334 fraudem
2129 4275 2464 4334 alienatam
2509 4278 2838 4336 transiisse
2882 4279 2948 4335 in
2985 4277 3082 4337 do-

1801 4357 2056 4414 minium
2075 4358 2444 4432 accipientis
2458 4357 2546 4429 (in
2563 4377 2681 4431 quo
2699 4355 3078 4433 affirmandO,

1800 4440 1914 4494 aut
1954 4437 2238 4510 negando
2285 4443 2606 4514 tantopere
2652 4437 2867 4495 Nostri
2925 4439 3084 4498 labo-

1798 4517 1990 4593 rant).
2017 4517 2102 4574 Et
2126 4519 2574 4575 revocatoriam
2597 4537 2714 4575 non
2735 4527 3082 4594 competere

1799 4597 2076 4654 naturali
2119 4597 2255 4656 iure
2298 4597 2472 4656 civili
2515 4597 2768 4658 benetie.
2811 4617 2966 4657 esse:

1880 4676 2007 4754 (40)
2053 4677 2150 4734 Ex
2193 4678 2265 4736 L.
2313 4679 2408 4752 10,
2451 4679 2532 4754 ἕξ
2591 4679 2681 4752 19,
2742 4679 2834 4752 20,
2894 4681 2954 4736 h.
2999 4685 3083 4756 t.,·

1799 4757 1870 4814 L.
1917 4757 2011 4832 38,
2059 4757 2098 4835 ξ
2141 4760 2196 4832 4,
2240 4759 2334 4815 De
2388 4761 2568 4818 Usar.
