3584 5350
1062 412 1279 460 CAPUT
1318 414 1389 459 11.
1434 412 1519 459 nn
1560 414 2064 460 con‘rRAc'rrnUs
2107 412 2320 459 1N1'r1s
2910 399 3030 459 355

359 566 667 632 conditio
710 566 894 630 retro
937 566 1143 649 valet,
1191 564 1521 631 resolutio
1570 567 1659 630 ad
1728 564 1910 631 diem
1962 566 2118 630 initi
2182 564 2579 630 contractus
2637 564 3031 631 retrotrahi-

362 671 475 737 tur
521 670 631 753 (V.
682 672 716 753 ξ
764 670 944 757 309).
2445 678 2448 681 ’

456 762 645 845 ’419.
692 780 803 845 Ex
848 780 1139 865 diver-sc,
1186 780 1242 845 si
1294 779 1492 845 actus
1538 780 1627 844 ab
1672 779 1877 844 initio
1924 780 2187 845 nullius
2216 778 2552 844 momenti
2601 778 2753 861 fuit,
2788 791 3030 843 conva-

359 884 554 951 lescit
613 888 673 951 si
735 888 971 969 postea
1030 887 1334 971 agnitus,
1406 886 2027 969 comprobatusque
2087 886 2296 951 fuerit
2344 883 2481 970 (5);
2546 902 2664 951 seu
2713 900 3030 966 expresse

357 993 631 1076 (verbiS,
680 992 802 1057 aut
848 993 1169 1077 scriptis),
1214 1008 1337 1058 seu
1386 992 1613 1073 tacite,
1665 994 1839 1057 idest
1869 992 2294 1075 obligatione
2342 991 2628 1073 impleta
2659 988 2780 1073 (6).
2813 992 3027 1057 Porro

358 1100 916 1181 comprobatione
962 1100 1157 1182 quasi
1207 1117 1427 1165 novus
1458 1100 1854 1165 contractus
1886 1100 2133 1187 initur3
2179 1116 2262 1165 ac
2294 1099 2580 1181 proinde
2613 1098 2710 1162 ita
2744 1100 3022 1163 demum

358 1206 564 1291 valet,
612 1207 691 1291 si,
726 1223 859 1289 quo
894 1206 1198 1290 tempore
1229 1207 1399 1273 haec
1430 1206 1828 1289 intervenit,
1861 1206 2058 1273 actus
2082 1206 2245 1272 iniri
2279 1208 2506 1271 valide
2538 1204 2873 1289 potuisset
2908 1206 3029 1289 (7).

358 1310 521 1378 Ideo
566 1324 840 1378 necesse
871 1316 1007 1379 est:
1062 1310 1129 1379 1⁰
1178 1314 1257 1379 ut
1287 1314 1368 1403 in⁸
1394 1328 1715 1397 praesens
1746 1314 1926 1398 nihil
1957 1312 2134 1378 desit
2165 1329 2402 1378 eorum
2436 1328 2612 1395 quae
2643 1312 3030 1377 necessaria

358 1420 523 1485 sunt
553 1418 633 1485 ut
654 1420 847 1485 actus
872 1424 1102 1487 valere
1128 1421 1360 1507 possit,
1388 1422 1587 1503 quasi
1613 1438 1803 1487 nunc
1853 1422 2154 1503 primum
2201 1420 2394 1485 fleret
2428 1420 2551 1503 (8),
2583 1420 2682 1503 ut,
2717 1420 2794 1480 2⁰
2822 1434 3030 1484 causa

357 1526 703 1593 nullitatis
734 1544 853 1593 seu
888 1528 1309 1593 rescissionis
1340 1528 1708 1594 cessaverit
1728 1527 1852 1614 (9),
1877 1526 2092 1610 utque
2123 1530 2424 1606 demum,
2459 1530 2533 1591 3⁰
2565 1526 2622 1590 is
2655 1527 2771 1609 qui
2798 1528 3029 1591 actum

358 1632 745 1721 exequi-tur,
770 1635 1035 1720 probat,
1062 1634 1291 1699 ratum
1316 1634 1545 1719 habet,
1564 1634 1735 1700 sciat
1760 1636 1958 1699 illum
1986 1635 2250 1699 nullius
2275 1632 2605 1699 momenti
2633 1632 2844 1699 fuisse
2863 1633 3027 1716 (10).

362 1738 845 1823 comprobatio
890 1743 1145 1824 autem,
1194 1742 1301 1805 vel
1357 1739 1780 1827 ratihabitio,
1830 1743 2010 1823 quod
2069 1742 2154 1807 ad
2219 1742 2445 1823 partes
2495 1740 2678 1805 valet
2724 1756 2803 1805 em
2847 1740 3028 1823 tunc,

439 2003 541 2062 Ad
596 2004 765 2076 haec,
830 2007 1193 2063 contractus
1262 2004 1490 2063 resolvi
1550 2025 1647 2082 po-

360 2088 487 2142 test
509 2086 789 2143 omnium
806 2085 1307 2143 contrahentium
1338 2105 1641 2144 consensu

359 2163 458 2241 (L.
502 2166 556 2237 5,
621 2165 715 2221 De
784 2164 848 2222 O.
912 2170 965 2223 et
1010 2166 1123 2240 A.,·
1166 2163 1234 2222 C.
1292 2164 1386 2238 Gn,
1449 2166 1639 2239 11343

359 2238 460 2317 Iti,
497 2244 694 2321 1123ss
726 2244 834 2303 sed
864 2244 987 2303 huc
1017 2262 1139 2302 non
1168 2246 1463 2321 pertinet,
1496 2246 1643 2319 qnia

357 2325 561 2401 magis
590 2342 789 2382 novus
818 2330 1182 2383 contractus
1207 2326 1426 2399 initur,
1461 2344 1643 2400 quam

358 2406 527 2481 prior
568 2404 957 2463 dissolvitur.

410 2484 529 2561 ·(5)
572 2484 878 2542 Hodierni
922 2484 973 2543 I.
1032 2484 1100 2542 C.
1158 2488 1391 2542 vocant
1454 2487 1646 2543 iueaei-

358 2570 583 2622 scentes
624 2564 960 2641 (infectos),
1020 2564 1121 2623 vel
1172 2566 1461 2624 absoluta
1514 2566 1644 2623 nul·

358 2644 541 2703 litate
597 2643 954 2705 laborantes
1012 2650 1193 2705 actus
1249 2644 1689 2727 huiusmodi3¹

358 2745 593 2802 nempe,
640 2729 714 2784 ut
752 2745 855 2784 eos
900 2731 1231 2785 secernant
1259 2727 1336 2784 ab
1378 2725 1505 2784 illis
1534 2728 1643 2801 qui

359 2807 421 2863 in
468 2803 609 2864 NN.
654 2805 785 2864 LL.
830 2806 1133 2864 dicuntur
1182 2807 1365 2880 nulli,
1412 2805 1511 2865 vel
1554 2825 1645 2865 re-

360 2887 643 2944 scissioni
689 2887 955 2958 obnoxii,
1016 2887 1184 2944 inter
1239 2905 1395 2962 quos
1437 2887 1645 2953 (aiunt

360 2966 646 3038 Durant.,
666 2965 823 3038 XII,
842 2967 976 3040 525,
994 2971 1061 3024 et
1077 2965 1640 3040 Laurent,XVIII,

358 3047 493 3114 527,
519 3045 679 3124 531),
712 3045 891 3104 hodie
922 3045 1079 3103 nihil
1108 3048 1371 3120 omnin0,
1394 3051 1645 3122 praeter

358 3127 626 3184 nominis
684 3143 903 3184 sonum
946 3125 1167 3184 distat.
1211 3124 1643 3186 Inexistentes

360 3205 615 3282 perinde
644 3204 958 3264 habentur
986 3225 1059 3265 ac
1076 3208 1465 3281 sinunquam
1496 3207 1642 3264 initi

358 3285 615 3344 fuerint:
658 3285 868 3360 nulliS,
900 3285 999 3345 vel
1044 3287 1437 3344 restitutioni
1467 3287 1643 3345 obno-

358 3367 498 3439 xiis,
542 3366 643 3424 vis
684 3371 937 3424 constat
968 3385 1095 3424 -sua
1118 3367 1415 3442 quamdiu
1446 3365 1643 3426 officio

357 3447 585 3504 iudicis
608 3465 727 3504 non
760 3445 999 3504 fuerint
1024 3447 1087 3504 in
1111 3447 1363 3505 irritum
1387 3447 1641 3506 deducti

316 3526 686 3602 .(Laurent,
734 3527 893 3603 533),
938 3526 1089 3584 licet
1154 3527 1217 3583 in
1262 3529 1397 3585 iure
1440 3527 1525 3604 (v.
1568 3546 1639 3600 e.,

360 3607 426 3666 O.
472 3605 565 3680 Gn,
610 3607 746 3680 502;
791 3606 892 3680 It.,
924 3607 1068 3684 335)
1092 3607 1459 3665 nominatim
1504 3626 1641 3664 cau-

358 3692 492 3744 tum
510 3689 597 3744 sit
612 3685 849 3744 nullius
871 3687 1160 3745 momenti
1195 3707 1330 3745 esse
1356 3689 1490 3764 ipso
1509 3690 1643 3746 iure

360 3765 686 3841 (Laurent,
718 3766 880 3844 532):
928 3767 1029 3825 illc·
1070 3766 1326 3842 proinde
1370 3787 1447 3826 ex
1489 3769 1643 3825 inte-

358 3865 471 3922 gro
512 3846 771 3924 ineundi
802 3853 970 3920 sunt,
1016 3849 1084 3905 1ιί
1110 3849 1241 3906 rati
1268 3847 1483 3905 haberi
1510 3867 1641 3924 pos-

361 3933 541 3984 sunt:
585 3934 773 4000 atque
818 3926 955 3984 ideo
1012 3945 1151 3984 cum
1206 3928 1433 3986 iterum
1476 3928 1640 4002 initi,

362 4006 459 4064 vel
502 4008 628 4064 rati
672 4007 873 4064 habiti
932 4005 1186 4080 fuerint,
1245 4007 1339 4064 illi
1403 4027 1643 4084 semper

359 4105 437 4144 ea:
477 4105 645 4145 mene
686 4085 895 4145 valere
938 4087 1269 4163 incipiunt,
1316 4088 1425 4145 isti
1468 4107 1643 4164 regu·

359 4165 581 4224 lariter
641 4173 809 4224 retro
866 4166 1099 4226 valent.
1156 4169 1641 4226 Inmistevzeions

360 4251 693 4304 accensent
736 4249 842 4321 qui
886 4253 1059 4305 certa
1102 4251 1313 4322 forma
1353 4253 1640 4306 constare

361 4327 657 4384 iubentur
701 4329 815 4384 sub
880 4328 1201 4386 nullitatis
1258 4347 1473 4404 poena,
1530 4347 1642 4386 ceu

360 4406 727 4465 donationes
771 4427 975 4465 rerum
1021 4408 1420 4466 immobilium
1452 4413 1519 4466 et
1562 4413 1645 4466 te—

361 4493 691 4560 stamenta,
757 4505 973 4565 nempe
1044 4489 1191 4562 quia
1256 4491 1471 4562 forma
1536 4491 1644 4546 dat

360 4583 487 4626 esse
526 4585 633 4625 ret.

444 4647 531 4724 (6)
592 4647 689 4704 Ex
747 4648 819 4705 L.
868 4649 958 4723 10,
1018 4647 1111 4705 De
1170 4651 1289 4708 reb.
1352 4667 1472 4706 eor.
1538 4651 1647 4724 qui

361 4729 475 4786 sub
516 4733 681 4801 tut.,·
741 4728 871 4786 LL.
948 4730 997 4802 1,
1057 4729 1111 4802 2,
1166 4728 1232 4787 C.
1290 4727 1362 4788 Si
1420 4731 1644 4788 maior.

359 4809 527 4884 fact„
571 4813 723 4882 etc.;
770 4807 843 4866 V.
875 4809 942 4868 O.
988 4809 1080 4884 Gn,
1130 4809 1302 4884 1338;
1334 4809 1436 4882 It.‚
1474 4809 1645 4866 1309.

1838 2004 1926 2081 (7)
1970 2002 2257 2078 Durant.,
2303 2001 2498 2077 XIII,
2543 2004 2638 2077 233
2682 2002 2864 2077 XIV,
2895 2002 3031 2076 271;

1755 2082 1962 2159 Zach.,
2007 2084 2047 2161 ξ
2088 2085 2225 2159 339,
2267 2103 2328 2141 n.
2370 2085 2426 2157 6;
2474 2084 2548 2143 V.
2591 2084 2886 2157 Averani,
2917 2081 3031 2156 IV,

1753 2164 1808 2238 3,
1877 2164 1968 2221 19.
2034 2164 2130 2221 Ex
2195 2164 2308 2223 hoc
2377 2168 2586 2223 autem
2648 2168 2843 2240 patet,
2913 2162 3032 2221 huc

1754 2263 1876 2302 non
1917 2246 2235 2321 pertinere
2291 2248 2653 2303 contractus
2717 2260 2868 2317 quos
2933 2243 3032 2301 lex

1753 2328 2052 2401 perpetuo
2121 2329 2316 2398 vetat,
2387 2324 2635 2383 adiecta
2717 2322 3036 2381 nullitatis

1752 2424 1949 2481 poena
2033 2404 2136 2482 (V.
2206 2403 2408 2476 Prol.,
2477 2402 2516 2479 ξ
2585 2404 2728 2479 210,
2805 2424 2864 2461 n.
2947 2404 3029 2477 2),

1753 2483 1932 2543 velut
1999 2490 2184 2561 pacta
2255 2485 2665 2559 successoria,
2737 2482 3036 2542 fideicom-

1720 2570 1733 2583 '
1752 2566 2058 2639 missaria,
2102 2570 2221 2623 etc.

1835 2644 1923 2726 (8)
1967 2644 2064 2704 Ex
2109 2644 2182 2704 L.
2241 2644 2335 2720 24,
2393 2645 2546 2703 Rem
2599 2648 2719 2703 rat.
2780 2646 3038 2721 haber-255.

1752 2725 1832 2784 V.
1875 2727 2173 2798 Averani,
2217 2725 2331 2799 IV,
2383 2727 2438 2799 3,
2501 2725 2591 2782 19.
2636 2723 2873 2801 Nempe
2916 2743 3033 2800 res,

1752 2825 1960 2881 causa,
1991 2825 2348 2865 consensus.
2381 2807 2652 2863 Munera
2673 2805 2872 2882 igitur
2893 2806 3035 2880 quis

1754 2885 2078 2944 confirmat
2095 2885 2518 2944 venditionem
2539 2885 2756 2944 domus
2777 2891 3036 2944 exustae

1755 2967 1821 3042 (ξ
1863 2967 1998 3040 300,
2043 2986 2103 3025 n.
2148 2968 2229 3044 ὃ),
2274 2967 2648 3024 servitutem
2691 2965 2884 3024 altius
2917 2985 3034 3024 non

1752 3046 2014 3105 tollendi
2039 3047 2390 3122 impositam
2419 3045 2680 3104 aedibus
2703 3045 2914 3122 procul
2938 3065 3038 3121 po-

1754 3128 1900 3186 sitis
1943 3126 2008 3203 (§
2051 3127 2187 3202 301,
2253 3147 2312 3184 n.
2373 3126 2511 3204 14):
2577 3126 3038 3183 matrimonium

1752 3209 1980 3285 initum
2023 3227 2163 3266 cum
2207 3205 2367 3280 Seia,
2419 3225 2604 3280 quam
2661 3203 2876 3262 Gaiam
2935 3225 3037 3280 pu-

1754 3288 1949 3362 tabat,
1980 3287 2096 3345 hoc
2125 3305 2332 3344 errore
2362 3291 2651 3344 manente
2677 3283 2802 3362 (Ex
2834 3283 2907 3342 L.
2943 3283 3032 3357 19,

1752 3367 1793 3442 ἓ
1843 3366 2143 3442 Ceterum,
2175 3367 2270 3424 De
2300 3367 2468 3442 inoff.
2507 3371 2772 3440 testam.;
2816 3362 2938 3422 CC.
2982 3364 3036 3438 2,

1749 3449 1806 3520 4,
1850 3447 1946 3504 De
1994 3447 2250 3524 Coniuq.
2294 3447 2566 3522 servm-Q.

1832 3527 1922 3605 (9)
2007 3527 2104 3584 Ex
2175 3525 2248 3584 L.
2317 3527 2414 3602 24,
2487 3526 2637 3583 Rem
2707 3530 2828 3583 rat.
2899 3526 3080 3584 hah·

1752 3605 1989 3684 Nempe
2030 3611 2174 3683 post
2215 3607 2505 3664 maiorem
2563 3606 2851 3680 aetatein,
2895 3609 3040 3680 post

1752 3687 2024 3745 solutum
2067 3688 2552 3760 matrimonium,
2607 3690 2747 3762 post
2804 3691 3038 3744 metum

1752 3766 2070 3836 sublatum
2114 3766 2273 3845 (LL.
2335 3768 2385 3841 1,
2431 3767 2486 3841 2,
2545 3765 2614 3824 C.
2683 3765 2755 3824 Si
2815 3767 3035 3824 maior.

1749 3849 1929 3923 ἴασι,
1973 3845 2038 3906 O.
2083 3845 2178 3921 Gn,
2225 3847 2397 3922 13043
2441 3846 2544 3920 It.,
2593 3845 2788 3924 1300),
2838 3849 2956 3904 etc.

1833 3927 1960 4006 (10)
2031 3925 2154 3985 Cit.
2220 3927 2357 3984 LL.
2428 3936 2492 3984 et
2563 3926 2720 3998 AA.;
2793 3924 3035 3998 Sanch.,

1751 4009 1854 4074 M„
1900 4007 1993 4081 ΙΙ,
2036 4007 2129 4075 36,
2176 4008 2231 4065 4.
2263 4007 2352 4065 Et
2395 4008 2450 4065 si
2483 4005 2642 4064 forte
2673 4009 3038 4064 contractus

1752 4086 1965 4146 nullus
2009 4087 2134 4146 fuit
2176 4089 2250 4145 ob
2281 4087 2476 4145 solius
2506 4103 2847 4144 consensus
2875 4084 3038 4143 defe-

1752 4173 1940 4242 ctum,
2001 4170 2134 4226 sive
2190 4187 2264 4225 ex
2323 4187 2446 4224 uno
2501 4165 2717 4239 latere,
2784 4166 2918 4224 sive
2961 4185 3036 4224 ex

1754 4255 2034 4323 utroque,
2078 4247 2190 4305 hoc
2233 4255 2448 4324 postea
2491 4246 2844 4318 accedente,
2890 4246 3039 4304 licet

1754 4329 1954 4385 altero
1977 4329 2194 4404 ignaro
2211 4327 2562 4404 (dummodo
2591 4327 2646 4383 is
2669 4345 3037 4384 consensum
3069 4384 3076 4393 ,

1755 4427 1936 4465 suum
1993 4427 2113 4465 non
2179 4407 2671 4484 retractaverit),
2729 4407 2861 4482 ipso
2905 4407 3038 4462 iure

1754 4487 2141 4546 convalescit
2169 4486 2481 4564 (Navarr.,
2514 4487 2608 4560 22,
2638 4487 2748 4560 803
2795 4484 3034 4559 Sanch„

1753 4569 1858 4642 M„
1903 4567 1992 4640 II,
2025 4567 2126 4640 32,
2153 4569 2235 4646 9):
2267 4573 2513 4645 utputa,
2547 4569 2599 4624 si
2631 4565 2851 4624 mulier
2880 4584 3038 4640 quae

1754 4667 1936 4707 servo
1977 4649 2200 4724 ignara
2243 4650 2478 4725 nupsit,
2539 4647 2792 4724 cognita
2850 4646 3040 4704 servi-

1755 4733 1894 4787 tute
1936 4727 2083 4794 (OG.
2129 4729 2183 4804 2,
2227 4730 2296 4807 4,
2327 4730 2421 4786 De
2478 4727 2738 4804 Com'uy.
2782 4735 3037 4803 servor.)

1752 4815 1820 4866 et
1861 4809 2144 4868 utilitate
2186 4808 2604 4882 matrimonii,
2649 4809 2700 4866 si
2745 4807 2886 4882 duc,
2919 4827 3037 4864 ma—
