3584 5350
565 368 685 427 448
824 383 1027 427 LIBER
1070 382 1170 427 111.
1202 400 1241 413 -
1268 382 1501 426 TRAGT.
1545 382 1615 425 11.
1658 382 1789 425 TIT.
1835 382 1924 425 Ix.
1967 382 2054 425 DE
2095 380 2587 427 CONTRACTIBUS
2628 381 2984 425 GRATUITIS

568 530 770 597 lestia
812 548 956 596 non
1001 530 1229 597 essent
1276 530 1582 596 caritura
1613 529 1749 613 (6):
1813 532 2110 613 denique
2169 532 2352 611 (cum
2423 532 2690 613 aliquid
2753 532 2997 595 horum
3049 532 3232 595 inter

568 654 798 703 moras
844 636 1299 703 restitutionis
1333 638 1455 702 vix
1487 652 1628 703 non
1664 636 1952 718 incidat)
1985 638 2093 701 vel
2126 638 2212 702 ob
2244 638 2462 702 solam
2494 636 2923 721 dilationem,
2955 653 3096 701 non
3131 640 3232 701 ta·

570 760 730 809 men
762 744 1142 810 breviorem
1176 742 1371 827 (quia
1417 758 1662 827 parum
1710 760 1832 825 pro
1877 745 2103 809 nihilo
2149 744 2302 828 est),
2349 742 2644 810 debitori
2678 760 3074 809 concessam
3108 743 3228 827 (7).

706 854 854 915 532.
902 848 1144 917 Restat
1190 850 1407 933 igitur
1450 850 1781 935 quaesti0,
1834 852 2088 933 utrum,
2137 865 2294 917 cum
2360 852 2528 916 haec
2589 852 2826 915 omnia
2885 850 3229 935 exsulant,

569 958 799 1023 adhuc
844 958 1115 1023 licitum
1165 956 1255 1025 sit
1322 974 1569 1023 usuras
1638 958 1771 1022 sibi
1841 956 2178 1039 stipulari.
2241 958 2380 1023 Diu
2445 957 2620 1043 heic,
2689 957 2760 1023 et
2828 958 3232 1040 praesertim

570 1066 843 1129 saeculo
888 1063 1247 1149 superiori,
1294 1062 1632 1129 certatum
1682 1062 1819 1129 est:
1871 1064 2032 1129 inde
2079 1064 2354 1148 prodiit,
2426 1069 2453 1129 1
2507 1080 2666 1129 nov.
2723 1066 2912 1147 1745,
2945 1064 3232 1129 celebris
3315 1052 3326 1062 ’

570 1170 941 1253 Encyclica
985 1171 1153 1235 Ben.
1201 1170 1387 1255 XIV,
1452 1169 1583 1235 Vix
1608 1169 1963 1255 pervenit;
2008 1172 2129 1236 sed
2173 1188 2330 1236 cum
2379 1172 2465 1235 de
2497 1171 2804 1255 genuino
2845 1170 2994 1236 eius
3026 1186 3232 1235 sensu

571 1274 753 1342 ultro
801 1276 1107 1359 citroque
1153 1275 1561 1359 gravissime
1607 1276 2034 1357 disputatum
2071 1275 2301 1362 fuerit,
2329 1277 2412 1341 lis
2438 1278 2567 1341 sub
2591 1276 2819 1341 iudice
2874 1276 3230 1359 remansit,

572 1381 641 1446 et
686 1382 914 1447 adhuc
956 1382 1271 1448 remanet
1326 1383 1440 1465 (8).
1490 1383 1598 1449 Ex
1646 1399 1726 1447 eo
1776 1382 2080 1465 tempore
2144 1399 2392 1449 usurae
2447 1383 2680 1449 minus
2741 1378 3046 1449 execrari
3096 1381 3231 1465 (9):

572 1490 790 1556 serius
834 1490 957 1555 vix
1028 1507 1167 1555 non
1230 1476 1638 1574 permissae,
1700 1489 1956 1554 etenim
2029 1491 2092 1554 S.
2159 1490 2364 1556 Sedes
2433 1488 2769 1573 consulta,
2829 1489 3088 1571 pluries
3134 1506 3238 1554 re·

572 1596 868 1678 spondit,
939 1613 1081 1662 non
1150 1613 1297 1662 esse
1366 1596 1854 1678 inquietandos
1925 1612 2051 1661 nec
2097 1613 2210 1662 eos
2280 1598 2396 1680 qui
2445 1596 2574 1662 sub
2644 1597 2872 1663 usuris
2941 1598 3234 1662 credunt

574 1704 681 1767 vel
728 1703 912 1769 credi
960 1720 1156 1785 posse
1202 1701 1452 1768 docent
1484 1704 1660 1788 (10);
1707 1720 1836 1769 nec
1883 1718 1996 1768 eos
2045 1705 2161 1787 qui
2209 1704 2355 1769 sive
2403 1705 2578 1787 illos,
2610 1704 2758 1769 sive
2789 1701 2956 1769 istos
3019 1704 3236 1768 absol·

575 1811 750 1875 vunt
798 1810 971 1896 (11);
1019 1812 1393 1877 dummodo
1439 1809 1508 1877 et
1554 1810 1948 1875 moderatae
1996 1826 2248 1875 usurae
2293 1811 2453 1895 sint,
2487 1809 2556 1875 et
2587 1810 2956 1877 creditores
3011 1809 3236 1892 parati

572 1914 715 1981 sint
760 1933 999 1999 parere
1046 1917 1393 1982 mandatis
1440 1918 1821 1983 Ecclesiae:
1893 1934 2009 1983 eos
2077 1918 2332 2002 autem,
2381 1918 2498 1999 qui
2548 1916 2977 2000 poenitentes
3043 1918 3228 1981 inab·

573 2022 833 2089 solutos
879 2022 1342 2108 dimittebant,
1391 2024 1634 2089 durius
1678 2023 1747 2089 et
1793 2026 2100 2089 severius
2147 2040 2350 2106 agere
2398 2022 2668 2089 censuit
2713 2025 2870 2105 (12).
2931 2024 3232 2088 Demum

574 2127 782 2193 tacite
828 2128 1190 2213 admissae,
1238 2145 1325 2194 ex
1373 2144 1507 2212 quo
1556 2130 1626 2194 in
1676 2129 1940 2195 ditione
1987 2147 2255 2213 quoque
2303 2130 2658 2212 pontificia
2704 2130 2918 2196 foveri
2953 2130 3236 2211 coeptae

573 2236 739 2301 sunt
784 2237 1008 2301 Areae
1060 2234 1630 2317 compendiorum
1678 2252 1798 2301 seu
1847 2236 2357 2322 Parsimoniae,
2404 2254 2576 2319 quas
2628 2236 2892 2303 vocant.

656 2528 745 2606 (6)
790 2528 886 2585 Ex
930 2526 992 2587 S.
1042 2527 1248 2605 Alph.,
1300 2526 1425 2602 ΙΙΙ,
1456 2528 1593 2589 765.
1639 2548 1696 2588 v.
1726 2530 1855 2587 Ma·

577 2628 722 2688 qna.
767 2608 843 2667 V.
887 2627 957 2682 c.,
988 2609 1064 2668 ob
1093 2608 1469 2688 probabilem
1498 2628 1727 2667 moram
1759 2609 1856 2667 de-

578 2689 1177 2766 bitoriS,pericu1um
1199 2690 1488 2764 litis,etc.
1520 2690 1645 2766 (Ex
1677 2689 1735 2748 S.
1780 2689 1850 2748 G.

579 2769 672 2827 De
714 2769 999 2846 Propag„
1045 2772 1085 2828 l.
1128 2771 1222 2848 c.).

659 2849 747 2927 (7)
792 2849 851 2907 S.
894 2848 1101 2926 Alph.,
1147 2848 1273 2924 III,
1319 2849 1469 2924 7603
1516 2851 1594 2910 H.
1646 2853 1739 2921 A„
1770 2851 1852 2924 X,

583 2931 715 2987 146.
738 2928 870 2987 Nec
892 2929 1103 2988 obstat
1126 2929 1267 2988 Iun.
1294 2930 1413 3006 XI,
1444 2931 1522 2988 42
1553 2931 1656 3007 (V.
1688 2930 1853 2989 Prol.

584 3009 714 3084 189,
746 3029 806 3067 n.
850 3009 929 3066 63
960 3053 973 3066 .

662 3089 749 3168 (8)
795 3010 1117 3164 Masi-rofi„
1160 3091 1337 3147 Delle
1392 3093 1603 3164 Usu-re,
1649 3091 1687 3164 ξ
1716 3091 1854 3148 467.

581 3168 713 3229 Nec
756 3188 983 3228 novum
1024 3175 1125 3228 est
1166 3169 1268 3241 (V.
1301 3171 1340 3245 ξ
1382 3170 1515 3244 509,
1560 3191 1620 3228 11.
1664 3171 1787 3248 67).

662 3249 749 3328 (9)
794 3249 1022 3324 Itaque
1066 3269 1134 3308 eo
1178 3249 1423 3308 saeculo
1480 3269 1587 3326 pro
1644 3251 1856 3308 usuris

581 3331 875 3388 dimicare
904 3336 1238 3405 coeperunt
1264 3329 1401 3387 Nic.
1426 3330 1855 3388 Broendersen

583 3409 899 3468 Parochus
930 3409 1153 3487 Delphi
1188 3409 1306 3488 (De
1359 3413 1539 3470 Usur.
1588 3411 1741 3468 licit.
1769 3415 1859 3468 at-

582 3509 695 3568 que
738 3492 961 3563 illicit„
1005 3489 1144 3547 Lib.
1190 3489 1345 3565 XII,
1378 3509 1477 3548 an.
1511 3491 1707 3566 1743),
1735 3489 1858 3548 Sci-

582 3572 683 3647 pio
724 3569 937 3628 Maffei
968 3569 1155 3646 (Sull’
1176 3573 1439 3648 impieqo
1480 3572 1577 3628 del
1606 3573 1855 3644 denam,

584 3651 832 3709 Verona
880 3651 1063 3723 1744;
1107 3669 1261 3727 opus
1304 3650 1483 3724 quod,
1515 3651 1746 3709 Romae
1770 3669 1859 3708 re—

583 3751 799 3789 cusum
843 3750 941 3787 an.
990 3731 1160 3805 1746,
1218 3731 1545 3807 inscripsit
1608 3733 1860 3807 ipsimet

582 3812 737 3869 Ben.
782 3809 988 3886 XIV),
1019 3809 1280 3887 Bolgeni
1324 3811 1691 3887 (Dissertaz.
1724 3809 1862 3868 Sul-

582 3892 894 3968 l'c‘mpieyo
936 3893 1034 3948 del
1075 3893 1321 3966 (Iena-rc,
1373 3911 1402 3948 e
1447 3893 1731 3970 l’usura),
1764 3891 1858 3948 De

584 3971 867 4028 Luzerne
911 3969 1035 4029 Sur
1097 3972 1151 4028 le
1196 3975 1339 4046 pre‘t
1380 3973 1465 4028 de
1531 3971 1857 4029 (bmmere.

586 4051 858 4122 Divioni,
907 4051 1102 4126 1823),
1134 4049 1395 4127 Bergier
1444 4051 1857 4125 (DizionariO,

587 4130 663 4190 V.
691 4133 928 4206 L'sure),
953 4129 1262 4193 Genovesi
1282 4131 1410 4204 (To.
1428 4129 1541 4204 IV,
1568 4133 1860 4207 Metaph„

586 4210 725 4268 Lib.
756 4209 975 4284 11;1)e
1026 4209 1210 4285 Offic„
1239 4211 1387 4287 Cap.
1420 4211 1501 4284 X,
1533 4213 1571 4284 ξ
1594 4211 1713 4282 22),
1734 4211 1862 4268 Ma-

587 4289 829 4348 strofini
882 4291 993 4366 (Le
1042 4308 1243 4362 usare,
1290 4291 1465 4349 Libri
1506 4297 1616 4363 tre,
1664 4291 1860 4348 Roma

591 4371 787 4448 1831),
838 4369 1120 4428 Rolando
1151 4371 1419 4447 (Osse-rv.
1469 4373 1858 4448 sull’usuraj,

586 4450 693 4508 alii
741 4471 833 4509 ue.

668 4470 795 4608 (110)
842 4529 904 4589 S.
951 4530 1027 4590 U.
1071 4529 1123 4588 I.
1168 4531 1205 4586 3
1248 4529 1352 4588 iul.
1388 4530 1561 4602 1822,
1595 4531 1667 4588 18
1717 4551 1858 4608 aug.

590 4611 761 4685 1830,
806 4611 877 4668 31
928 4631 1068 4686 aug.
1136 4611 1305 4684 1831,
1359 4611 1435 4666 27
1486 4631 1624 4669 nov.
1688 4612 1858 4676 1839

588 4692 663 4749 18
710 4711 852 4767 aug.
886 4691 1056 4766 1858,
1088 4692 1497 4768 probantibus
1526 4691 1641 4748 Pio
1666 4691 1854 4766 VIII,

585 4771 773 4850 Greg.
816 4771 981 4830 XVI
1024 4776 1091 4829 et
1132 4769 1243 4830 Pio
1286 4771 1407 4829 LX.
1454 4771 1646 4830 Porro
1704 4771 1854 4830 haec

1965 2528 2186 2587 verba:
2253 2547 2376 2587 non
2446 2546 2570 2587 esse
2631 2530 3067 2605 inquietandos
3121 2528 3238 2605 (ait

1967 2606 2026 2667 S.
2071 2608 2278 2686 Alph.,
2324 2607 2451 2682 111,
2496 2608 2794 2688 765)1non
2836 2628 3074 2667 meram
3101 2611 3243 2667 tole—

1959 2693 2272 2763 rantia-m,
2336 2692 2440 2748 sed
2483 2691 2824 2767 positivam
2882 2691 3242 2768 permissio·

1963 2789 2100 2828 nem
2165 2771 2542 2846 sifflaec‘flcam.
2607 2769 2693 2828 Et
2743 2771 2834 2827 ita
2897 2769 3238 2846 respondit,

1962 2849 2190 2908 nedum
2221 2869 2330 2926 pro
2359 2850 2437 2906 iis
2465 2849 2616 2908 locis
2641 2849 2744 2908 ubi
2769 2869 2994 2908 usuras
3017 2850 3240 2926 probat

1963 2932 2062 2988 ius
2084 2929 2288 3002 civile,
2314 2930 2422 2988 sed
2439 2929 2755 2988 aliasaliis
2799 2929 2862 2987 id
2891 2932 3238 3021 generatim

1963 3010 2304 3086 respondit,
2336 3010 2624 3068 detracta
2650 3011 2989 3068 mentione
2975 3011 3132 3068 1uris
3161 3010 3242 3068 ci-

1964 3089 2110 3148 vilis
2155 3089 2240 3167 (S.
2286 3089 2363 3148 L.
2407 3089 2478 3164 Ι.,
2523 3091 2823 3166 probante
2880 3089 2994 3148 Pio
3051 3089 3238 3156 VIII

1969 3170 2042 3226 18
2085 3189 2227 3247 aug.
2263 3171 2432 3244 1830,
2464 3176 2526 3228 et
2551 3170 2622 3227 31
2665 3190 2807 3248 aug.
2848 3169 3019 3246 1831,
3065 3171 3236 3246 prob.

1965 3249 2154 3324 Greg.
2200 3249 2383 3322 XVL
2429 3251 2543 3306 sub
2587 3249 2687 3308 die
2731 3251 2768 3306 7
2825 3256 2982 3326 sept.
3039 3250 3240 3308 eiusd.

1965 3331 2159 3408 anni).
2205 3327 2372 3401 Quin
2419 3329 2602 3388 Card.
2649 3330 2742 3388 De
2784 3327 3085 3406 Gregorio
3115 3329 3242 3388 Ma-

1966 3412 2058 3467 ior
2099 3408 2358 3483 Poenit.,
2404 3411 2441 3466 7
2469 3411 2656 3468 marti
2703 3409 2873 3482 1825,
2917 3410 3240 3486 respondit

1967 3490 2176 3567 Episc.
2226 3490 2276 3548 V
2283 3491 2600 3562 ivariensi,
2654 3487 2719 3548 S.
2747 3491 3241 3548 Poevzitentiarla

1966 3573 2378 3647 quaestionem
2451 3591 2492 3628 a
2559 3571 2853 3648 theoloqt's
2920 3572 3240 3646 aquatam,

1966 3652 2039 3708 de
2079 3652 2263 3708 titulo
2305 3651 2416 3708 illo
2471 3669 2549 3708 ecc
2603 3651 2728 3729 leqe
2787 3651 3104 3727 pincipis
3149 3653 3242 3706 de-

1967 3734 2232 3806 sumpto,
2293 3733 2779 3808 haudquaquam
2839 3731 3038 3788 voluit
3105 3732 3244 3802 defi·

1969 3813 2103 3868 πῖνε
2146 3810 2395 3883 (L’Ami
2434 3813 2508 3868 de
2570 3813 2631 3868 Ia
2690 3811 2910 3886 Reliy„
2953 3808 3090 3868 Vol.
3143 3809 3240 3881 84,

1967 3909 2026 3965 p.
2069 3889 2202 3964 433,
2248 3889 2409 3968 434).

2050 3969 2176 4046 (1.1)
2243 3969 2302 4028 S.
2375 3969 2451 4028 U.
2524 3969 2614 4046 Ι.,
2691 3969 2763 4028 18
2831 3990 2974 4047 aug.
3049 3967 3240 4034 1830;

1971 4049 2029 4106 S.
2075 4049 2334 4122 Poenit.,
2383 4052 2455 4108 16
2527 4054 2684 4128 sept.
2745 4049 2916 4124 1830,
2966 4051 3036 4108 11
3089 4051 3240 4108 febr.

1969 4137 2034 4187 et
2081 4133 2154 4188 14
2197 4151 2338 4206 aug.
2387 4131 2560 4188 1831.

2051 4211 2178 4288 (12)
2231 4211 2289 4267 S.
2361 4209 2638 4285 Posuit„
2714 4213 2778 4268 11
2857 4230 2998 4268 nov.
3070 4209 3241 4267 1831.

1971 4289 2132 4348 Sane
2175 4292 2241 4348 ni
2285 4292 2376 4348 ita
2421 4291 2508 4348 sit
2549 4292 2656 4349 vix
2702 4297 2814 4348 aut
2855 4311 2932 4348 ne
2977 4291 3084 4348 vix
3115 4289 3245 4365 qui-

1970 4371 2108 4428 dem
2151 4370 2248 4428 fas
2291 4373 2413 4428 erit
2455 4372 2782 4447 pecuniam
2837 4369 3134 4430 collocare
3177 4371 3240 4426 in

1972 4452 2249 4509 versuris
2266 4450 2497 4526 publici
2505 4451 3066 4541 s(Debc'to]mblico)
3082 4449 3238 4526 quod

1966 4529 2148 4589 hodie
2173 4552 2208 4588 a
2230 4530 2380 4589 locis
2408 4551 2648 4606 quoque
2666 4533 2805 4608 piis,
2831 4532 2908 4588 ab
2926 4530 3242 4590 institutis

1971 4611 2381 4687 legularibus,
2408 4611 2484 4668 ab
2536 4611 2816 4670 ecclesiis
2839 4613 3070 4686 ubique
3099 4610 3244 4668 loco—

1970 4712 2122 4764 rum,
2167 4691 2397 4749 Rornae
2428 4711 2668 4766 quoque
2691 4689 3135 4766 frequentatur
3149 4709 3246 4748 ne·

1970 4773 2132 4830 mine
2176 4771 2664 4830 contradicente.
