3584 5350
506 359 621 417 246
920 373 1120 416 LIBER
1164 373 1262 416 111.
1293 389 1330 402 -
1358 371 1591 416 TRACT.
1624 371 1695 415 11.
1724 372 1854 414 TIT.
1885 372 1949 414 V.
1985 371 2072 414 DE
2102 363 2376 416 ACTIBUS
2405 371 2476 414 IN
2504 369 2770 414 GENERE

501 522 619 605 qui
667 522 831 587 sunt
877 521 1274 615 incapaces,
1305 537 1426 586 seu
1473 519 1744 606 natura,
1791 537 1916 588 seu
1963 521 2114 602 lege
2161 519 2392 607 (Prol.,
2440 518 2512 602 §g
2542 520 2650 606 34,
2679 521 2809 602 35).
2837 515 3168 586 Omnium

501 629 733 693 autem
782 630 1119 712 quaedam
1165 627 1663 694 substantialia
1709 625 1893 713 sunt,
1942 629 2281 710 quaedam
2313 625 2793 713 accidentalia,
2828 630 3166 710 quaedam

500 735 853 800 sotemnia.
926 733 1455 818 substantialia,
1519 735 1668 800 sine
1730 734 1982 816 quibus
2043 734 2240 800 actus
2309 732 2624 799 constare
2695 722 2981 800 omnino
3027 751 3172 800 non

502 843 764 926 potest;
810 835 1025 928 velut,
1071 843 1148 908 in
1194 843 1544 925 emptione
1601 844 1670 908 et
1730 842 2152 928 venditione,
2216 859 2342 928 reS,
2405 841 2474 906 et
2535 840 2875 924 pretium:
2937 841 3172 925 itaque

502 951 561 1015 si
606 951 845 1014 aedem
892 948 1209 1015 exustam
1260 950 1672 1034 vendideris,
1706 949 1884 1014 nihil
1916 948 2149 1014 actum
2182 948 2628 1036 intelligitur3
2661 948 2771 1014 sin
2803 966 2944 1014 uno
2979 966 3174 1014 num-

503 1074 635 1141 me,
685 1055 967 1121 donatio
1013 1058 1165 1121 erit.
1214 1055 1711 1139 Aecidevztatia,
1762 1072 1939 1138 quae
2009 1056 2233 1144 inesse
2279 1056 2348 1120 et
2393 1056 2628 1121 abesse
2692 1056 2999 1141 possunt,
3049 1073 3170 1138 pro

500 1161 863 1245 agentium
895 1163 1203 1250 arbitri03
1237 1162 1317 1228 ut
1348 1162 1536 1249 puta,
1570 1163 1628 1227 si
1653 1163 2016 1245 praedium
2043 1162 2433 1228 vendideris
2465 1178 2548 1226 ea
2577 1163 2752 1247 lege,
2781 1163 2860 1227 ut
2892 1164 3170 1244 praedio

503 1269 689 1334 intra
734 1271 997 1334 certum
1046 1261 1317 1352 tempus
1348 1268 1689 1355 restituto,
1720 1267 1914 1334 fieret
1947 1270 2356 1351 inemptum.
2395 1267 2764 1353 Solemnia,
2797 1283 2973 1351 quae
3028 1286 3173 1352 per-

504 1376 731 1442 tinent
775 1378 865 1441 ad
911 1376 1207 1443 formam
1254 1377 1471 1463 actus,
1520 1394 1609 1442 ex
1656 1376 2016 1459 praecepto
2063 1376 2273 1462 legis3
2321 1375 2399 1441 ut
2446 1392 2621 1461 ecce,
2686 1375 2744 1441 si
2808 1377 3008 1458 pacta
3053 1394 3171 1441 nu-

501 1483 747 1565 ptialia
792 1484 1068 1565 publico
1118 1482 1581 1549 instrumento
1628 1500 1767 1549 non
1816 1482 2077 1548 fuerint
2141 1483 2657 1564 comprehensa.
2709 1481 2892 1550 Sunt
2937 1482 3008 1548 et
3052 1500 3174 1548 na-

502 1589 794 1674 turatia,
866 1607 1063 1675 quae,
1134 1590 1417 1675 scilicet,
1490 1591 1697 1656 tacite
1768 1591 2028 1674 insunt,
2089 1592 2360 1674 natura,
2421 1589 2546 1655 aut
2612 1589 2802 1674 lege,
2850 1608 2915 1656 v.
2964 1607 3044 1674 6.,
3095 1594 3172 1654 ut

502 1697 795 1778 emptori
845 1697 1233 1778 praestetur
1277 1698 1551 1782 evictio,
1599 1695 1885 1762 locatori
1933 1696 2120 1762 sarta
2165 1697 2349 1762 tecta
2395 1713 2503 1762 res
2550 1696 2779 1762 locata
2825 1697 3168 1762 servetur:

503 1803 673 1868 haec
721 1803 1218 1890 praetermittO,
1267 1804 1432 1886 quia
1477 1803 1752 1870 variant
1799 1821 1920 1886 pro
1969 1803 2458 1888 contractibus.

1136 1993 1309 2056 ΛΒΤ.
1357 1991 1410 2056 Ι.
1466 1991 1567 2056 De
1626 1991 1902 2057 actuum
1945 1989 2548 2058 substantialibus

642 2136 790 2199 300.
840 2133 1144 2200 Actuum
1194 2133 1682 2199 substantialia
1749 2134 1952 2199 sunt:
2015 2150 2147 2219 res,
2209 2149 2440 2215 causa,
2500 2133 2836 2200 voluntas.
2882 2132 3014 2199 Res
3057 2129 3174 2200 hic

504 2240 762 2306 dicitur
807 2242 1073 2326 aliquid
1135 2242 1467 2326 dandum,
1529 2242 1639 2307 vel
1710 2241 2128 2322 faciendum,
2175 2241 2285 2306 vel
2356 2257 2498 2307 non
2538 2239 2982 2307 ·faciendum.
3041 2243 3174 2308 Res

506 2349 707 2414 debet
750 2365 897 2414 esse
945 2347 1153 2428 certa,
1204 2347 1567 2433 possibilis,
1623 2350 1932 2414 honesta.
1973 2347 2202 2433 Gerta;
2230 2347 2514 2432 scilicet,
2548 2364 2878 2430 apparere
2908 2348 3175 2430 oportet

508 2455 672 2537 quid
720 2453 789 2520 et
835 2454 1175 2538 quantum
1224 2456 1373 2521 dari
1422 2456 1668 2521 debeat
1714 2456 1829 2537 (1).
1879 2453 1955 2521 Si
2002 2471 2144 2521 non
2191 2455 2521 2538 appareat
2568 2454 2740 2538 quid
2792 2456 3172 2540 reliqueris,

504 2562 921 2645 promiseris,
972 2564 1049 2627 ut
1094 2579 1272 2646 ecce,
1322 2563 1378 2628 si
1443 2563 1840 2645 promiseris
1908 2562 2202 2646 animat,
2265 2563 2489 2646 magis
2551 2563 2902 2650 derisoria,
2967 2581 3172 2646 quam

506 2667 698 2735 utilis
746 2669 1112 2751 promissio
1158 2670 1291 2735 erit
1337 2671 1460 2758 (2);
1510 2671 1565 2736 si
1615 2687 1759 2737 non
1807 2671 2158 2756 quantum,
2191 2669 2694 2757 aestimabitur,
2725 2671 2785 2736 si
2820 2669 3174 2737 aestimari

505 2776 719 2858 possit
765 2793 853 2840 ex
898 2793 1128 2841 rerum
1178 2777 1546 2863 adiunctis,
1594 2774 1881 2842 arbitrio
1930 2778 2094 2843 boni
2140 2777 2276 2843 viri
2323 2778 2438 2860 (3).
2472 2778 2658 2843 Iliud
2690 2794 2831 2843 non
2864 2775 3171 2863 interest,

505 2884 563 2947 si
609 2884 944 2947 erraveris
991 2885 1066 2947 in
1114 2885 1547 2966 designanda
1591 2901 1684 2968 re,
1730 2885 1838 2949 vel
1891 2902 2204 2970 persona,
2254 2885 2628 2949 dummodo
2692 2902 2826 2967 quo
2890 2886 3028 2950 alio
3075 2885 3175 2949 in-

505 2988 873 3054 dubitabili
938 2992 1138 3072 signo
1208 3008 1326 3057 seu
1398 2990 1985 3057 demonstratione
2055 2992 2386 3073 appareat
2444 2993 2530 3057 de
2595 3008 2731 3073 qua
2798 3008 2874 3057 re
2942 2990 3198 3057 actum'

504 3097 595 3161 sit
640 3098 753 3179 (4).
804 3097 1204 3163 Possibitis:
1253 3098 1709 3181 impossibilia
1755 3098 2073 3183 dicimus,
2121 3116 2297 3182 quae
2346 3100 2419 3164 in
2470 3116 2700 3165 rerum
2750 3099 3001 3164 natura
3035 3116 3174 3164 non

3031 2000 3068 2050 t·
3141 2009 3173 2063 4

586 3256 675 3334 (1)
719 3257 851 3315 LL.
908 3258 1017 3323 94,
1075 3257 1169 3331 95,
1231 3257 1362 3332 115,
1427 3257 1521 3315 De
1588 3258 1653 3316 V.
1718 3257 1783 3315 O.

507 3336 671 3402 Item
716 3338 769 3394 si
814 3336 1159 3413 stipulatus
1204 3336 1376 3395 fuero
1405 3336 1651 3395 domum
1693 3358 1786 3397 ae-

506 3414 768 3491 dificari,
828 3434 947 3476 non
1015 3416 1437 3475 demonstrato
1494 3417 1638 3491 1000,
1686 3419 1787 3477 vel

506 3496 771 3555 fundum
793 3498 931 3555 dari
962 3517 1082 3555 non
1108 3496 1351 3555 adiecto
1376 3500 1618 3556 1161111116
1635 3497 1785 3576 (Cit.

507 3576 639 3634 LL.
683 3577 777 3651 95,
826 3579 985 3655 115).

589 3656 677 3735 (2)
721 3657 793 3715 L.
839 3659 931 3732 74,
984 3659 1077 3715 ΒΘ
1118 3659 1348 3735 Leqat„
1395 3657 1446 3715 Ι.
1492 3657 1557 3716 Si
1602 3663 1789 3717 testa·

510 3742 607 3795 tor
649 3738 893 3796 domum
952 3739 1065 3795 tibi
1126 3737 1468 3812 reliquerit,
1527 3758 1640 3797 nec
1690 3758 1789 3815 ap-

508 3822 729 3893 pareat
770 3818 847 3876 de
892 3838 1014 3893 qua
1059 3818 1345 3891 senserit,
1392 3818 1570 3876 dabit
1610 3817 1791 3877 heres

509 3918 695 3971 quam
740 3897 924 3971 volet,
971 3917 1047 3956 ex
1090 3898 1169 3956 iis
1200 3917 1357 3972 quae
1402 3898 1792 3956 testatorha-

509 3978 715 4047 bebat;
747 3979 801 4035 si
833 3978 1065 4035 nullam
1109 3978 1348 4052 habuit,
1402 3978 1559 4035 nihil
1617 3979 1793 4037 debe-

510 4058 603 4116 bit
648 4056 797 4135 (Cit.
842 4058 913 4115 L.
958 4060 1081 4137 74).

589 4138 678 4215 (3)
724 4138 819 4196 Ex
886 4138 960 4197 L.
1024 4140 1117 4210 35,
1175 4140 1270 4195 De
1327 4139 1402 4196 R.
1456 4140 1508 4195 I.
1568 4136 1794 4210 Quam-

509 4218 715 4277 obrem
746 4220 817 4292 si,
851 4239 994 4291 v.c.,
1025 4220 1323 4293 triticum,
1357 4220 1607 4277 vineum
1631 4219 1793 4278 alen-

510 4300 623 4356 dae
670 4298 941 4357 familiae
1006 4300 1380 4375 promiseris,
1440 4298 1785 4374 reliqueriS,

511 4398 619 4455 pro
645 4381 1022 4437 necessitate
1040 4378 1314 4437 familiae
1332 4378 1609 4437 dandum
1648 4382 1787 4454 erit,

511 4460 772 4516 arbitrio
804 4460 947 4517 boni
992 4460 1112 4516 viri
1166 4459 1262 4528 (L.
1310 4460 1403 4533 70,
1456 4459 1494 4537 ξ
1552 4460 1791 4528 Gener„

512 4540 604 4595 Dc
646 4541 793 4597 Iure
846 4540 1035 4615 Dot.).
1080 4539 1169 4597 Et
1212 4541 1276 4596 in
1321 4539 1507 4598 dubio
1564 4540 1643 4597 ad
1688 4541 1793 4597 mi-

510 4618 741 4675 nimam
786 4639 1084 4677 summa’m
1148 4619 1484 4678 deducitur
1539 4620 1672 4697 (cit.
1717 4620 1789 4679 L.

513 4697 634 4773 35).
680 4698 829 4757 Ideo
888 4701 1227 4775 promissis,
1274 4718 1332 4758 v.
1378 4718 1446 4773 6.,
1491 4698 1791 4758 frumenti

512 4778 807 4855 modium,
853 4780 1001 4855 quia
1045 4782 1330 4858 pluralis
1372 4781 1597 4839 locutio
1651 4784 1795 4839 duo-

1895 3278 2034 3316 rum
2105 3276 2364 3316 numero
2421 3261 2507 3317 est
2564 3262 2848 3323 cmitenta
2917 3256 3015 3335 (L.
3083 3258 3172 3332 12,

1896 3340 1990 3396 ΒΘ
2039 3340 2327 3413 Testam.,·
2367 3336 2438 3396 G:
2482 3338 2582 3412 40,
2623 3338 2719 3395 ΒΘ
2760 3338 2838 3396 R.
2879 3338 3021 3395 Lin
3065 3337 3174 3416 6⁰),

1897 3418 2018 3476 duo
2047 3418 2459 3477 debebuntur:
2489 3420 2702 3477 iussus
2728 3420 2879 3476 dare
2895 3422 3043 3495 post
3070 3437 3177 3476 απ-

1898 3517 2106 3559 nos...
2151 3498 2250 3557 vel
2283 3503 2431 3575 post
2471 3500 2604 3556 dies
2622 3540 2797 3571 ......
2842 3502 2986 3574 post
3012 3496 3178 3557 bien-

1899 3581 2071 3637 nium
2140 3578 2240 3655 (L.
2313 3578 2418 3652 17,
2484 3578 2523 3655 §
2596 3576 2728 3651 ult„
2801 3578 2894 3635 De
2961 3597 3178 3637 manu-

1897 3661 2071 3717 miss.
2155 3658 2468 3735 testam.),
2542 3656 2640 3717 vel
2711 3663 2852 3735 post
2919 3656 3178 3717 biduum

1900 3738 1998 3817 (L.
2033 3740 2165 3813 117,
2218 3740 2313 3796 ΒΘ
2353 3739 2414 3795 V.
2447 3734 2541 3813 S.,·
2569 3736 2638 3796 C.
2669 3737 2802 3811 ult„
2834 3738 2927 3797 De
2955 3738 3176 3797 Praeb.

1899 3821 1964 3876 in
2007 3818 2108 3896 6⁰)
2166 3819 2315 3877 dare
2371 3818 2575 3877 debet.
2632 3818 2724 3875 At
2781 3818 2834 3875 si
2892 3819 3179 3877 triticum

1901 3898 2272 3975 simpliciter
2326 3898 2702 3974 promiseriS,
2760 3916 2875 3956 nec
2931 3898 3176 3956 modum

1901 3980 2154 4054 dixeris,
2219 3978 2377 4036 nihil
2441 3982 2650 4035 actum
2708 3976 3029 4037 videbitur
3078 3978 3176 4056 (L.

1900 4060 1994 4133 94,
2039 4061 2134 4117 ΒΘ
2189 4061 2251 4118 V.
2303 4058 2414 4135 0.).
2736 4070 2744 4078 “

1982 4139 2069 4217 (4)
2113 4138 2186 4196 L.
2250 4138 2310 4213 8,
2352 4138 2391 4216 ξ
2455 4136 2531 4197 Si
2583 4140 2727 4215 quis
2786 4156 3030 4211 nomen,
3083 4140 3180 4196 De

1901 4220 2099 4277 hev-ed.
2145 4221 2338 4277 instit.
2383 4218 2671 4288 Proinde,
2717 4219 2770 4275 si
2815 4218 2955 4294 quis
2998 4217 3180 4277 dona-

1901 4300 2084 4371 verit,
2129 4306 2238 4356 aut
2283 4298 2596 4375 legaverit
2645 4296 2799 4371 Seio,
2859 4316 2918 4357 v.
2968 4318 3036 4373 6.,
3081 4298 3179 4357 do-

1899 4399 2082 4453 mum,
2127 4398 2312 4454 quam
2354 4398 2390 4437 a
2432 4377 2600 4436 Titio
2643 4382 2894 4451 emerat,
2941 4379 2995 4437 si
3045 4398 3180 4437 con-

1901 4464 2032 4517 stet
2058 4460 2134 4517 de
2164 4478 2286 4534 qua
2315 4458 2489 4518 domo
2519 4458 2805 4531 senserit,
2837 4458 3025 4533 valet,
3055 4460 3180 4517 etsi

1901 4559 2032 4598 eam
2077 4559 2113 4597 a
2155 4540 2324 4597 Titio
2365 4558 2488 4597 non
2545 4540 2767 4597 emerit
2797 4538 2896 4615 (L.
2930 4539 3021 4613 17,
3054 4540 3093 4616 ξ
3125 4540 3176 4613 1,

1903 4621 1996 4677 ΒΘ
2046 4620 2292 4679 Condit.
2349 4624 2404 4677 et
2453 4618 2739 4697 demon).
2784 4620 2928 4678 Non
2985 4621 3183 4678 obstat

1901 4720 2076 4759 error
2129 4720 2270 4759 ‘nom
2280 4702 2421 4769 inis,
2479 4700 2536 4756 si
2588 4700 2662 4756 de
2731 4717 2981 4776 corpore
3047 4718 3182 4759 con-

1903 4786 2016 4839 stet
2060 4779 2159 4861 (L.
2203 4783 2259 4855 4,
2305 4780 2398 4838 De
2437 4777 2779 4857 Leyat.‚1).
