<?xml version="1.0" encoding="UTF-8"?>
<!DOCTYPE html PUBLIC "-//W3C//DTD XHTML 1.0 Transitional//EN"
    "http://www.w3.org/TR/xhtml1/DTD/xhtml1-transitional.dtd">
<html xmlns="http://www.w3.org/1999/xhtml" xml:lang="en" lang="en">
 <head>
  <title>
</title>
<meta http-equiv="Content-Type" content="text/html;charset=utf-8" />
  <meta name='ocr-system' content='tesseract 3.04.00' />
  <meta name='ocr-capabilities' content='ocr_page ocr_carea ocr_par ocr_line ocrx_word'/>
</head>
<body>
  <div class='ocr_page' id='page_1' title='image "./summulatheologi03annigoog_0014.png"; bbox 0 0 3584 5350; ppageno 0'>
   <div class='ocr_carea' id='block_1_1' title="bbox 556 305 2803 380">
    <p class='ocr_par' dir='ltr' id='par_1_1' title="bbox 556 305 2803 380">
     <span class='ocr_line' id='line_1_1' title="bbox 556 305 2803 380; baseline 0.004 -8"><span class='ocrx_word' id='word_1_1' title='bbox 556 317 630 372; x_wconf 80' lang='lat'><em>10</em></span> <span class='ocrx_word' id='word_1_2' title='bbox 993 313 1191 377; x_wconf 70' lang='lat' dir='ltr'><em>mena</em></span> <span class='ocrx_word' id='word_1_3' title='bbox 1234 336 1277 378; x_wconf 92' lang='lat'><em>1.</em></span> <span class='ocrx_word' id='word_1_4' title='bbox 1322 353 1358 364; x_wconf 93' lang='lat'>-</span> <span class='ocrx_word' id='word_1_5' title='bbox 1399 335 1633 378; x_wconf 73' lang='lat' dir='ltr'><em>TRAcr.</em></span> <span class='ocrx_word' id='word_1_6' title='bbox 1678 305 1726 378; x_wconf 83' lang='lat'><em>1.&#39;</em></span> <span class='ocrx_word' id='word_1_7' title='bbox 1767 335 1853 378; x_wconf 74' lang='lat' dir='ltr'><em>DE</em></span> <span class='ocrx_word' id='word_1_8' title='bbox 1894 336 2298 380; x_wconf 68' lang='lat' dir='ltr'><em>vm‘w&#39;rmus</em></span> <span class='ocrx_word' id='word_1_9' title='bbox 2340 307 2803 380; x_wconf 55' lang='lat' dir='ltr'><strong>THEOLOGICIS&#39;</strong></span> 
     </span>
    </p>
   </div>
   <div class='ocr_carea' id='block_1_2' title="bbox 443 480 3219 1958">
    <p class='ocr_par' dir='ltr' id='par_1_2' title="bbox 455 480 3219 1424">
     <span class='ocr_line' id='line_1_2' title="bbox 554 480 3219 570; baseline 0.001 -24"><span class='ocrx_word' id='word_1_10' title='bbox 554 480 806 564; x_wconf 81' lang='lat' dir='ltr'><em>dinem,</em></span> <span class='ocrx_word' id='word_1_11' title='bbox 855 499 935 548; x_wconf 75' lang='lat' dir='ltr'><em>ex</em></span> <span class='ocrx_word' id='word_1_12' title='bbox 980 481 1112 546; x_wconf 90' lang='lat' dir='ltr'><em>Dei</em></span> <span class='ocrx_word' id='word_1_13' title='bbox 1151 481 1390 567; x_wconf 69' lang='lat' dir='ltr'><em>qratia</em></span> <span class='ocrx_word' id='word_1_14' title='bbox 1436 482 1498 548; x_wconf 85' lang='lat' dir='ltr'><em>et</em></span> <span class='ocrx_word' id='word_1_15' title='bbox 1544 483 1740 550; x_wconf 77' lang='lat' dir='ltr'><em>bonis</em></span> <span class='ocrx_word' id='word_1_16' title='bbox 1791 484 2114 566; x_wconf 77' lang='lat' dir='ltr'><strong><em>operibus</em></strong></span> <span class='ocrx_word' id='word_1_17' title='bbox 2170 484 2477 570; x_wconf 81' lang='lat' dir='ltr'><em>nostris;</em></span> <span class='ocrx_word' id='word_1_18' title='bbox 2538 503 2675 568; x_wconf 89' lang='lat' dir='ltr'><em>qua</em></span> <span class='ocrx_word' id='word_1_19' title='bbox 2720 485 2961 550; x_wconf 82' lang='lat' dir='ltr'><em>aetus:</em></span> <span class='ocrx_word' id='word_1_20' title='bbox 3008 485 3219 564; x_wconf 73' lang='lat' dir='ltr'><em>Expe-</em></span> 
     </span>
     <span class='ocr_line' id='line_1_3' title="bbox 557 587 3217 674; baseline 0.001 -21"><span class='ocrx_word' id='word_1_21' title='bbox 557 587 762 654; x_wconf 83' lang='lat' dir='ltr'><em>ctatio</em></span> <span class='ocrx_word' id='word_1_22' title='bbox 809 590 1128 654; x_wconf 75' lang='lat' dir='ltr'><em>aeternae</em></span> <span class='ocrx_word' id='word_1_23' title='bbox 1174 589 1648 673; x_wconf 72' lang='lat' dir='ltr'><em>beatitudinis,</em></span> <span class='ocrx_word' id='word_1_24' title='bbox 1683 608 1762 656; x_wconf 76' lang='lat' dir='ltr'><em>ex</em></span> <span class='ocrx_word' id='word_1_25' title='bbox 1801 591 2037 674; x_wconf 69' lang='lat' dir='ltr'><em>qratia</em></span> <span class='ocrx_word' id='word_1_26' title='bbox 2070 592 2202 656; x_wconf 89' lang='lat' dir='ltr'><em>Dei</em></span> <span class='ocrx_word' id='word_1_27' title='bbox 2231 593 2291 656; x_wconf 89' lang='lat' dir='ltr'><em>et</em></span> <span class='ocrx_word' id='word_1_28' title='bbox 2331 591 2529 657; x_wconf 80' lang='lat' dir='ltr'><em>bonis</em></span> <span class='ocrx_word' id='word_1_29' title='bbox 2574 591 2893 672; x_wconf 82' lang='lat' dir='ltr'><em>operibus</em></span> <span class='ocrx_word' id='word_1_30' title='bbox 2938 591 3217 656; x_wconf 72' lang='lat' dir='ltr'><em>nostris.</em></span> 
     </span>
     <span class='ocr_line' id='line_1_4' title="bbox 521 694 3217 784; baseline 0 -21"><span class='ocrx_word' id='word_1_31' title='bbox 521 695 918 763; x_wconf 81' lang='lat' dir='ltr'><em>,Obieetum</em></span> <span class='ocrx_word' id='word_1_32' title='bbox 965 694 1319 762; x_wconf 84' lang='lat' dir='ltr'><em>materiale</em></span> <span class='ocrx_word' id='word_1_33' title='bbox 1365 699 1507 779; x_wconf 87' lang='lat' dir='ltr'><em>spei</em></span> <span class='ocrx_word' id='word_1_34' title='bbox 1557 696 1659 762; x_wconf 87' lang='lat' dir='ltr'><em>est</em></span> <span class='ocrx_word' id='word_1_35' title='bbox 1717 699 2432 784; x_wconf 41' lang='lat' dir='ltr'><em>beatitud02aeterna,</em></span> <span class='ocrx_word' id='word_1_36' title='bbox 2480 697 2548 763; x_wconf 91' lang='lat' dir='ltr'><em>et</em></span> <span class='ocrx_word' id='word_1_37' title='bbox 2612 714 3081 780; x_wconf 87' lang='lat' dir='ltr'><em>quaecumque</em></span> <span class='ocrx_word' id='word_1_38' title='bbox 3126 699 3217 764; x_wconf 82' lang='lat' dir='ltr'><em>ad</em></span> 
     </span>
     <span class='ocr_line' id='line_1_5' title="bbox 455 805 3216 890; baseline 0.001 -24"><span class='ocrx_word' id='word_1_39' title='bbox 455 811 458 814; x_wconf 79' lang='grc'>’</span> <span class='ocrx_word' id='word_1_40' title='bbox 552 819 706 867; x_wconf 84' lang='lat' dir='ltr'><em>eam</em></span> <span class='ocrx_word' id='word_1_41' title='bbox 753 805 1253 884; x_wconf 79' lang='lat' dir='ltr'>assequendam</span> <span class='ocrx_word' id='word_1_42' title='bbox 1298 805 1463 874; x_wconf 85' lang='lat' dir='ltr'><em>sunt</em></span> <span class='ocrx_word' id='word_1_43' title='bbox 1509 806 1896 870; x_wconf 72' lang='lat' dir='ltr'><em>necessaria</em></span> <span class='ocrx_word' id='word_1_44' title='bbox 1940 807 2071 890; x_wconf 83' lang='lat'><strong>(2);</strong></span> <span class='ocrx_word' id='word_1_45' title='bbox 2120 807 2427 890; x_wconf 86' lang='lat' dir='ltr'><em>ideoque,</em></span> <span class='ocrx_word' id='word_1_46' title='bbox 2492 822 2650 870; x_wconf 89' lang='lat' dir='ltr'><em>eum</em></span> <span class='ocrx_word' id='word_1_47' title='bbox 2707 805 2969 890; x_wconf 80' lang='lat' dir='ltr'><em>primis,</em></span> <span class='ocrx_word' id='word_1_48' title='bbox 3032 805 3216 869; x_wconf 90' lang='lat' dir='ltr'><em>Deus</em></span> 
     </span>
     <span class='ocr_line' id='line_1_6' title="bbox 554 908 3215 998; baseline 0.002 -26"><span class='ocrx_word' id='word_1_49' title='bbox 554 910 698 992; x_wconf 86' lang='lat' dir='ltr'><em>ipse</em></span> <span class='ocrx_word' id='word_1_50' title='bbox 745 909 858 994; x_wconf 88' lang='lat'>(3),</span> <span class='ocrx_word' id='word_1_51' title='bbox 897 908 1068 993; x_wconf 83' lang='lat' dir='ltr'><em>tum,</em></span> <span class='ocrx_word' id='word_1_52' title='bbox 1101 909 1331 992; x_wconf 86' lang='lat' dir='ltr'><em>gratia</em></span> <span class='ocrx_word' id='word_1_53' title='bbox 1359 911 1430 975; x_wconf 89' lang='lat' dir='ltr'><em>et</em></span> <span class='ocrx_word' id='word_1_54' title='bbox 1460 911 1640 976; x_wconf 88' lang='lat' dir='ltr'><em>bona</em></span> <span class='ocrx_word' id='word_1_55' title='bbox 1673 927 1881 994; x_wconf 88' lang='lat' dir='ltr'><em>opera</em></span> <span class='ocrx_word' id='word_1_56' title='bbox 1926 911 2162 977; x_wconf 85' lang='lat' dir='ltr'><em>nostra</em></span> <span class='ocrx_word' id='word_1_57' title='bbox 2194 913 2305 992; x_wconf 85' lang='lat'><strong>(4).</strong></span> <span class='ocrx_word' id='word_1_58' title='bbox 2342 912 2704 987; x_wconf 83' lang='lat' dir='ltr'>Quodnam</span> <span class='ocrx_word' id='word_1_59' title='bbox 2751 910 3008 998; x_wconf 84' lang='lat' dir='ltr'><em>autem,</em></span> <span class='ocrx_word' id='word_1_60' title='bbox 3056 928 3215 976; x_wconf 84' lang='lat' dir='ltr'><em>eum</em></span> 
     </span>
     <span class='ocr_line' id='line_1_7' title="bbox 552 1014 3215 1104; baseline 0 -23"><span class='ocrx_word' id='word_1_61' title='bbox 552 1016 814 1101; x_wconf 76' lang='lat' dir='ltr'><em>primis,</em></span> <span class='ocrx_word' id='word_1_62' title='bbox 863 1014 955 1081; x_wconf 86' lang='lat' dir='ltr'><em>sit</em></span> <span class='ocrx_word' id='word_1_63' title='bbox 999 1017 1346 1085; x_wconf 82' lang='lat' dir='ltr'><em>obiectum</em></span> <span class='ocrx_word' id='word_1_64' title='bbox 1393 1017 1680 1083; x_wconf 83' lang='lat' dir='ltr'><em>formale</em></span> <span class='ocrx_word' id='word_1_65' title='bbox 1725 1019 1893 1101; x_wconf 88' lang='lat' dir='ltr'><em>spei,</em></span> <span class='ocrx_word' id='word_1_66' title='bbox 1943 1017 2177 1083; x_wconf 87' lang='lat' dir='ltr'><em>utrum</em></span> <span class='ocrx_word' id='word_1_67' title='bbox 2226 1019 2354 1084; x_wconf 92' lang='lat' dir='ltr'><em>Dei</em></span> <span class='ocrx_word' id='word_1_68' title='bbox 2403 1017 2926 1104; x_wconf 80' lang='lat' dir='ltr'><em>omnipotentia,</em></span> <span class='ocrx_word' id='word_1_69' title='bbox 2952 1035 3044 1082; x_wconf 88' lang='lat' dir='ltr'><em>an</em></span> <span class='ocrx_word' id='word_1_70' title='bbox 3089 1018 3215 1083; x_wconf 87' lang='lat' dir='ltr'><em>mi-</em></span> 
     </span>
     <span class='ocr_line' id='line_1_8' title="bbox 551 1124 3217 1208; baseline 0.002 -20"><span class='ocrx_word' id='word_1_71' title='bbox 551 1124 824 1206; x_wconf 86' lang='lat' dir='ltr'><em>seratio,</em></span> <span class='ocrx_word' id='word_1_72' title='bbox 872 1141 962 1188; x_wconf 87' lang='lat' dir='ltr'><em>an</em></span> <span class='ocrx_word' id='word_1_73' title='bbox 1011 1124 1394 1208; x_wconf 79' lang='lat' dir='ltr'>promissio,</span> <span class='ocrx_word' id='word_1_74' title='bbox 1443 1124 1626 1189; x_wconf 84' lang='lat' dir='ltr'><em>inter</em></span> <span class='ocrx_word' id='word_1_75' title='bbox 1674 1125 1806 1190; x_wconf 82' lang='lat' dir='ltr'><em>TT.</em></span> <span class='ocrx_word' id='word_1_76' title='bbox 1856 1142 1997 1192; x_wconf 91' lang='lat' dir='ltr'><em>non</em></span> <span class='ocrx_word' id='word_1_77' title='bbox 2044 1125 2213 1190; x_wconf 86' lang='lat' dir='ltr'><em>satis</em></span> <span class='ocrx_word' id='word_1_78' title='bbox 2245 1126 2589 1191; x_wconf 81' lang='lat' dir='ltr'><em>convenit.</em></span> <span class='ocrx_word' id='word_1_79' title='bbox 2624 1125 2807 1190; x_wconf 88' lang='lat' dir='ltr'><em>Illud</em></span> <span class='ocrx_word' id='word_1_80' title='bbox 2842 1141 3044 1191; x_wconf 89' lang='lat' dir='ltr'><em>nemo</em></span> <span class='ocrx_word' id='word_1_81' title='bbox 3074 1143 3217 1192; x_wconf 90' lang='lat' dir='ltr'><em>am-</em></span> 
     </span>
     <span class='ocr_line' id='line_1_9' title="bbox 553 1230 3214 1316; baseline 0.001 -22"><span class='ocrx_word' id='word_1_82' title='bbox 553 1231 750 1312; x_wconf 84' lang='lat' dir='ltr'><em>bigit,</em></span> <span class='ocrx_word' id='word_1_83' title='bbox 799 1231 982 1312; x_wconf 90' lang='lat' dir='ltr'><em>quod</em></span> <span class='ocrx_word' id='word_1_84' title='bbox 1027 1247 1176 1312; x_wconf 82' lang='lat' dir='ltr'><em>spes</em></span> <span class='ocrx_word' id='word_1_85' title='bbox 1221 1232 1520 1313; x_wconf 89' lang='lat' dir='ltr'><em>denique</em></span> <span class='ocrx_word' id='word_1_86' title='bbox 1565 1233 1807 1298; x_wconf 80' lang='lat' dir='ltr'><em>nostra</em></span> <span class='ocrx_word' id='word_1_87' title='bbox 1846 1230 2162 1295; x_wconf 81' lang='lat' dir='ltr'><em>Christus</em></span> <span class='ocrx_word' id='word_1_88' title='bbox 2208 1231 2330 1316; x_wconf 83' lang='lat' dir='ltr'><em>est,</em></span> <span class='ocrx_word' id='word_1_89' title='bbox 2363 1249 2521 1296; x_wconf 84' lang='lat' dir='ltr'><em>eum</em></span> <span class='ocrx_word' id='word_1_90' title='bbox 2569 1248 2708 1295; x_wconf 90' lang='lat' dir='ltr'><em>non</em></span> <span class='ocrx_word' id='word_1_91' title='bbox 2741 1230 2833 1296; x_wconf 89' lang='lat' dir='ltr'><em>sit</em></span> <span class='ocrx_word' id='word_1_92' title='bbox 2863 1231 3066 1296; x_wconf 79' lang='lat' dir='ltr'><em>aliud</em></span> <span class='ocrx_word' id='word_1_93' title='bbox 3098 1249 3214 1296; x_wconf 81' lang='lat' dir='ltr'><em>no·</em></span> 
     </span>
     <span class='ocr_line' id='line_1_10' title="bbox 551 1334 3212 1424; baseline 0.001 -24"><span class='ocrx_word' id='word_1_94' title='bbox 551 1353 698 1401; x_wconf 82' lang='lat' dir='ltr'><em>men</em></span> <span class='ocrx_word' id='word_1_95' title='bbox 743 1335 866 1401; x_wconf 81' lang='lat' dir='ltr'><em>sub</em></span> <span class='ocrx_word' id='word_1_96' title='bbox 913 1337 1088 1401; x_wconf 83' lang='lat' dir='ltr'><em>coelo</em></span> <span class='ocrx_word' id='word_1_97' title='bbox 1135 1337 1388 1402; x_wconf 23' lang='lat' dir='ltr'><em>datum*</em></span> <span class='ocrx_word' id='word_1_98' title='bbox 1425 1336 1842 1419; x_wconf 76' lang='lat' dir='ltr'><em>hominibus,</em></span> <span class='ocrx_word' id='word_1_99' title='bbox 1872 1336 1955 1402; x_wconf 83' lang='lat' dir='ltr'><em>in</em></span> <span class='ocrx_word' id='word_1_100' title='bbox 1988 1354 2116 1420; x_wconf 82' lang='lat' dir='ltr'><em>quo</em></span> <span class='ocrx_word' id='word_1_101' title='bbox 2147 1337 2453 1418; x_wconf 77' lang='lat' dir='ltr'><em>oporteat</em></span> <span class='ocrx_word' id='word_1_102' title='bbox 2485 1354 2607 1424; x_wconf 76' lang='lat' dir='ltr'><em>nos</em></span> <span class='ocrx_word' id='word_1_103' title='bbox 2650 1339 2876 1403; x_wconf 81' lang='lat' dir='ltr'><em>salvos</em></span> <span class='ocrx_word' id='word_1_104' title='bbox 2905 1334 3065 1420; x_wconf 81' lang='lat' dir='ltr'><em>fieri</em></span> <span class='ocrx_word' id='word_1_105' title='bbox 3097 1338 3212 1418; x_wconf 86' lang='lat'><strong>(5).</strong></span> 
     </span>
    </p>

    <p class='ocr_par' dir='ltr' id='par_1_3' title="bbox 443 1442 3219 1958">
     <span class='ocr_line' id='line_1_11' title="bbox 691 1442 3217 1527; baseline 0.002 -21"><span class='ocrx_word' id='word_1_106' title='bbox 691 1446 790 1508; x_wconf 91' lang='grc'><em>10.</em></span> <span class='ocrx_word' id='word_1_107' title='bbox 843 1443 900 1506; x_wconf 82' lang='grc' dir='ltr'><strong>Α</strong></span> <span class='ocrx_word' id='word_1_108' title='bbox 949 1459 1065 1526; x_wconf 86' lang='lat' dir='ltr'><em>spe</em></span> <span class='ocrx_word' id='word_1_109' title='bbox 1113 1445 1250 1509; x_wconf 88' lang='lat' dir='ltr'><em>duo</em></span> <span class='ocrx_word' id='word_1_110' title='bbox 1297 1445 1627 1508; x_wconf 85' lang='lat' dir='ltr'><em>recedunt</em></span> <span class='ocrx_word' id='word_1_111' title='bbox 1684 1443 1863 1509; x_wconf 89' lang='lat' dir='ltr'><em>ultro</em></span> <span class='ocrx_word' id='word_1_112' title='bbox 1926 1443 2266 1526; x_wconf 83' lang='lat' dir='ltr'><em>citroque:</em></span> <span class='ocrx_word' id='word_1_113' title='bbox 2330 1442 2797 1526; x_wconf 81' lang='lat' dir='ltr'>praesumptio</span> <span class='ocrx_word' id='word_1_114' title='bbox 2859 1444 2927 1508; x_wconf 87' lang='lat' dir='ltr'><em>et</em></span> <span class='ocrx_word' id='word_1_115' title='bbox 2988 1446 3217 1527; x_wconf 90' lang='lat' dir='ltr'><em>despe-</em></span> 
     </span>
     <span class='ocr_line' id='line_1_12' title="bbox 506 1546 3213 1634; baseline 0 -18"><span class='ocrx_word' id='word_1_116' title='bbox 506 1604 508 1607; x_wconf 94' lang='lat'><strong>.</strong></span> <span class='ocrx_word' id='word_1_117' title='bbox 551 1550 747 1616; x_wconf 88' lang='lat' dir='ltr'><em>rati0.</em></span> <span class='ocrx_word' id='word_1_118' title='bbox 797 1549 1278 1630; x_wconf 80' lang='lat' dir='ltr'><em>Praesumptio</em></span> <span class='ocrx_word' id='word_1_119' title='bbox 1324 1549 1445 1634; x_wconf 81' lang='lat' dir='ltr'><em>est,</em></span> <span class='ocrx_word' id='word_1_120' title='bbox 1493 1567 1652 1615; x_wconf 86' lang='lat' dir='ltr'><em>eum</em></span> <span class='ocrx_word' id='word_1_121' title='bbox 1701 1551 1819 1632; x_wconf 77' lang='lat' dir='ltr'><em>qni</em></span> <span class='ocrx_word' id='word_1_122' title='bbox 1868 1549 2154 1616; x_wconf 84' lang='lat' dir='ltr'><em>confidit</em></span> <span class='ocrx_word' id='word_1_123' title='bbox 2198 1567 2269 1616; x_wconf 89' lang='lat' dir='ltr'><em>se</em></span> <span class='ocrx_word' id='word_1_124' title='bbox 2316 1546 2665 1615; x_wconf 77' lang='lat' dir='ltr'><em>aeternam</em></span> <span class='ocrx_word' id='word_1_125' title='bbox 2716 1549 3213 1617; x_wconf 81' lang='lat' dir='ltr'><em>beatitudinem</em></span> 
     </span>
     <span class='ocr_line' id='line_1_13' title="bbox 551 1657 3219 1746; baseline -0.001 -22"><span class='ocrx_word' id='word_1_126' title='bbox 551 1659 1102 1743; x_wconf 83' lang='lat' dir='ltr'><em>consecuturum,</em></span> <span class='ocrx_word' id='word_1_127' title='bbox 1151 1659 1258 1722; x_wconf 85' lang='lat' dir='ltr'><em>vel</em></span> <span class='ocrx_word' id='word_1_128' title='bbox 1321 1659 1469 1722; x_wconf 89' lang='lat' dir='ltr'><em>sola</em></span> <span class='ocrx_word' id='word_1_129' title='bbox 1514 1658 1773 1746; x_wconf 81' lang='lat' dir='ltr'><em>virtute</em></span> <span class='ocrx_word' id='word_1_130' title='bbox 1836 1659 2094 1744; x_wconf 85' lang='lat' dir='ltr'><em>divina,</em></span> <span class='ocrx_word' id='word_1_131' title='bbox 2143 1659 2249 1723; x_wconf 89' lang='lat' dir='ltr'><em>vel</em></span> <span class='ocrx_word' id='word_1_132' title='bbox 2312 1657 2476 1723; x_wconf 90' lang='lat' dir='ltr'><em>solis</em></span> <span class='ocrx_word' id='word_1_133' title='bbox 2537 1659 2679 1723; x_wconf 90' lang='lat' dir='ltr'><em>suis</em></span> <span class='ocrx_word' id='word_1_134' title='bbox 2742 1658 2945 1724; x_wconf 91' lang='lat' dir='ltr'><em>honis</em></span> <span class='ocrx_word' id='word_1_135' title='bbox 3007 1657 3219 1741; x_wconf 88' lang='lat' dir='ltr'><em>operi-</em></span> 
     </span>
     <span class='ocr_line' id='line_1_14' title="bbox 553 1755 3217 1851; baseline 0.001 -23"><span class='ocrx_word' id='word_1_136' title='bbox 553 1766 680 1830; x_wconf 89' lang='lat' dir='ltr'><em>bus</em></span> <span class='ocrx_word' id='word_1_137' title='bbox 726 1765 841 1846; x_wconf 85' lang='lat'><strong>(6).</strong></span> <span class='ocrx_word' id='word_1_138' title='bbox 893 1764 1168 1850; x_wconf 72' lang='lat' dir='ltr'><em>Contra,</em></span> <span class='ocrx_word' id='word_1_139' title='bbox 1217 1763 1599 1845; x_wconf 75' lang='lat' dir='ltr'><em>desperatio</em></span> <span class='ocrx_word' id='word_1_140' title='bbox 1645 1763 1769 1848; x_wconf 83' lang='lat' dir='ltr'><em>est,</em></span> <span class='ocrx_word' id='word_1_141' title='bbox 1805 1783 1943 1848; x_wconf 89' lang='lat' dir='ltr'><em>qua</em></span> <span class='ocrx_word' id='word_1_142' title='bbox 1972 1767 2124 1846; x_wconf 84' lang='lat' dir='ltr'><em>quis</em></span> <span class='ocrx_word' id='word_1_143' title='bbox 2157 1781 2279 1847; x_wconf 89' lang='lat' dir='ltr'><em>pro</em></span> <span class='ocrx_word' id='word_1_144' title='bbox 2312 1765 2501 1830; x_wconf 82' lang='lat' dir='ltr'><em>certo·</em></span> <span class='ocrx_word' id='word_1_145' title='bbox 2528 1764 2754 1851; x_wconf 84' lang='lat' dir='ltr'><em>habet,</em></span> <span class='ocrx_word' id='word_1_146' title='bbox 2788 1755 2860 1829; x_wconf 77' lang='lat' dir='ltr'><em>se</em></span> <span class='ocrx_word' id='word_1_147' title='bbox 2892 1781 3030 1830; x_wconf 90' lang='lat' dir='ltr'><em>non</em></span> <span class='ocrx_word' id='word_1_148' title='bbox 3064 1759 3217 1831; x_wconf 81' lang='lat' dir='ltr'><em>eon·</em></span> 
     </span>
     <span class='ocr_line' id='line_1_15' title="bbox 443 1870 3213 1958; baseline 0.001 -22"><span class='ocrx_word' id='word_1_149' title='bbox 443 1901 448 1909; x_wconf 88' lang='lat'>·</span> <span class='ocrx_word' id='word_1_150' title='bbox 549 1873 948 1938; x_wconf 83' lang='lat' dir='ltr'><em>secuturum</em></span> <span class='ocrx_word' id='word_1_151' title='bbox 983 1889 1027 1936; x_wconf 91' lang='lat' dir='ltr'><em>a</em></span> <span class='ocrx_word' id='word_1_152' title='bbox 1055 1872 1199 1937; x_wconf 89' lang='lat' dir='ltr'><em>Deo</em></span> <span class='ocrx_word' id='word_1_153' title='bbox 1234 1873 1774 1938; x_wconf 84' lang='lat' dir='ltr'><em>misericordiam</em></span> <span class='ocrx_word' id='word_1_154' title='bbox 1826 1874 1895 1937; x_wconf 84' lang='lat' dir='ltr'><em>et</em></span> <span class='ocrx_word' id='word_1_155' title='bbox 1942 1870 2158 1937; x_wconf 82' lang='lat' dir='ltr'><em>vitam</em></span> <span class='ocrx_word' id='word_1_156' title='bbox 2206 1871 2578 1937; x_wconf 83' lang='lat' dir='ltr'><em>aeternam.</em></span> <span class='ocrx_word' id='word_1_157' title='bbox 2622 1873 2929 1955; x_wconf 83' lang='lat' dir='ltr'><em>Utraque</em></span> <span class='ocrx_word' id='word_1_158' title='bbox 2960 1870 3213 1958; x_wconf 71' lang='lat' dir='ltr'><em>gravia,</em></span> 
     </span>
    </p>
   </div>
   <div class='ocr_carea' id='block_1_3' title="bbox 551 1961 3312 2060">
    <p class='ocr_par' dir='ltr' id='par_1_4' title="bbox 551 1961 3312 2060">
     <span class='ocr_line' id='line_1_16' title="bbox 551 1961 3312 2060; baseline 0 -16"><span class='ocrx_word' id='word_1_159' title='bbox 551 1980 666 2044; x_wconf 87' lang='lat' dir='ltr'><em>sed</em></span> <span class='ocrx_word' id='word_1_160' title='bbox 717 1981 885 2044; x_wconf 87' lang='lat' dir='ltr'><em>haee</em></span> <span class='ocrx_word' id='word_1_161' title='bbox 931 1961 1211 2060; x_wconf 78' lang='lat' dir='ltr'><em>gravior</em></span> <span class='ocrx_word' id='word_1_162' title='bbox 1254 1978 1324 2043; x_wconf 87' lang='lat' dir='ltr'><em>et</em></span> <span class='ocrx_word' id='word_1_163' title='bbox 1371 1979 1836 2060; x_wconf 82' lang='lat' dir='ltr'><em>periculosior.</em></span> <span class='ocrx_word' id='word_1_164' title='bbox 1888 1978 2293 2058; x_wconf 80' lang='lat' dir='ltr'><em>Quaesitum</em></span> <span class='ocrx_word' id='word_1_165' title='bbox 2340 1977 2462 2060; x_wconf 85' lang='lat' dir='ltr'><em>est,</em></span> <span class='ocrx_word' id='word_1_166' title='bbox 2510 1995 2602 2042; x_wconf 88' lang='lat' dir='ltr'><em>an</em></span> <span class='ocrx_word' id='word_1_167' title='bbox 2650 1979 2747 2044; x_wconf 91' lang='lat' dir='ltr'><em>eis</em></span> <span class='ocrx_word' id='word_1_168' title='bbox 2792 1981 3015 2044; x_wconf 85' lang='lat' dir='ltr'><em>subsit</em></span> <span class='ocrx_word' id='word_1_169' title='bbox 3061 1979 3215 2044; x_wconf 88' lang='lat' dir='ltr'><em>hae·</em></span> <span class='ocrx_word' id='word_1_170' title='bbox 3308 1984 3312 1988; x_wconf 81' lang='grc'><strong>’</strong></span> 
     </span>
    </p>
   </div>
   <div class='ocr_carea' id='block_1_4' title="bbox 517 2075 3215 2278">
    <p class='ocr_par' dir='ltr' id='par_1_5' title="bbox 517 2075 3215 2278">
     <span class='ocr_line' id='line_1_17' title="bbox 517 2075 3215 2172; baseline -0 -21"><span class='ocrx_word' id='word_1_171' title='bbox 517 2077 739 2152; x_wconf 74' lang='lat' dir='ltr'><em>‘&#39;resis.</em></span> <span class='ocrx_word' id='word_1_172' title='bbox 789 2085 896 2172; x_wconf 85' lang='lat' dir='ltr'><em>Et,</em></span> <span class='ocrx_word' id='word_1_173' title='bbox 944 2075 1110 2169; x_wconf 92' lang='lat' dir='ltr'><em>quia</em></span> <span class='ocrx_word' id='word_1_174' title='bbox 1155 2089 1378 2170; x_wconf 88' lang='lat' dir='ltr'><em>magis</em></span> <span class='ocrx_word' id='word_1_175' title='bbox 1427 2089 1516 2152; x_wconf 90' lang='lat' dir='ltr'><em>ad</em></span> <span class='ocrx_word' id='word_1_176' title='bbox 1567 2086 1991 2152; x_wconf 86' lang='lat' dir='ltr'><em>voluntatem</em></span> <span class='ocrx_word' id='word_1_177' title='bbox 2041 2085 2408 2169; x_wconf 78' lang='lat' dir='ltr'><em>pertinent,</em></span> <span class='ocrx_word' id='word_1_178' title='bbox 2457 2086 2686 2151; x_wconf 85' lang='lat' dir='ltr'><em>verius</em></span> <span class='ocrx_word' id='word_1_179' title='bbox 2731 2089 2835 2152; x_wconf 85' lang='lat' dir='ltr'><em>est</em></span> <span class='ocrx_word' id='word_1_180' title='bbox 2883 2104 3021 2152; x_wconf 90' lang='lat' dir='ltr'><em>non</em></span> <span class='ocrx_word' id='word_1_181' title='bbox 3062 2085 3215 2154; x_wconf 81' lang='lat' dir='ltr'><em>s&#39;ub-</em></span> 
     </span>
     <span class='ocr_line' id='line_1_18' title="bbox 550 2189 2918 2278; baseline 0 -20"><span class='ocrx_word' id='word_1_182' title='bbox 550 2209 728 2278; x_wconf 83' lang='lat' dir='ltr'><em>esse3</em></span> <span class='ocrx_word' id='word_1_183' title='bbox 777 2193 910 2258; x_wconf 88' lang='lat' dir='ltr'><em>nisi</em></span> <span class='ocrx_word' id='word_1_184' title='bbox 959 2193 1133 2277; x_wconf 87' lang='lat' dir='ltr'><em>quis,</em></span> <span class='ocrx_word' id='word_1_185' title='bbox 1181 2211 1270 2260; x_wconf 81' lang='lat' dir='ltr'><em>ex</em></span> <span class='ocrx_word' id='word_1_186' title='bbox 1315 2192 1488 2260; x_wconf 86' lang='lat' dir='ltr'><em>falso</em></span> <span class='ocrx_word' id='word_1_187' title='bbox 1536 2195 1811 2278; x_wconf 71' lang='lat' dir='ltr'><em>indiam,</em></span> <span class='ocrx_word' id='word_1_188' title='bbox 1862 2189 2182 2259; x_wconf 82' lang='lat' dir='ltr'><em>inciderit</em></span> <span class='ocrx_word' id='word_1_189' title='bbox 2230 2194 2303 2258; x_wconf 92' lang='lat' dir='ltr'><em>in</em></span> <span class='ocrx_word' id='word_1_190' title='bbox 2352 2194 2758 2258; x_wconf 87' lang='lat' dir='ltr'><em>alterutram</em></span> <span class='ocrx_word' id='word_1_191' title='bbox 2804 2194 2918 2274; x_wconf 84' lang='grc'><strong>(7).</strong></span> 
     </span>
    </p>
   </div>
   <div class='ocr_carea' id='block_1_5' title="bbox 689 2287 3234 2381">
    <p class='ocr_par' dir='ltr' id='par_1_6' title="bbox 689 2287 3234 2381">
     <span class='ocr_line' id='line_1_19' title="bbox 689 2287 3234 2381; baseline 0 -20"><span class='ocrx_word' id='word_1_192' title='bbox 689 2287 786 2362; x_wconf 84' lang='grc'><em>11.</em></span> <span class='ocrx_word' id='word_1_193' title='bbox 837 2299 1048 2363; x_wconf 86' lang='lat' dir='ltr'><em>Porro</em></span> <span class='ocrx_word' id='word_1_194' title='bbox 1093 2315 1595 2380; x_wconf 85' lang='lat' dir='ltr'><em>spes-amorem</em></span> <span class='ocrx_word' id='word_1_195' title='bbox 1657 2300 1856 2381; x_wconf 86' lang='lat' dir='ltr'><em>parit,</em></span> <span class='ocrx_word' id='word_1_196' title='bbox 1906 2299 1986 2362; x_wconf 74' lang='lat' dir='ltr'><em>in</em></span> <span class='ocrx_word' id='word_1_197' title='bbox 2046 2299 2379 2380; x_wconf 83' lang='lat' dir='ltr'><em>quantum</em></span> <span class='ocrx_word' id='word_1_198' title='bbox 2438 2297 2719 2381; x_wconf 79' lang='lat' dir='ltr'><em>aliquis,</em></span> <span class='ocrx_word' id='word_1_199' title='bbox 2765 2315 3055 2378; x_wconf 78' lang='lat' dir='ltr'><em>sperans</em></span> <span class='ocrx_word' id='word_1_200' title='bbox 3114 2295 3234 2362; x_wconf 86' lang='lat' dir='ltr'><em>re-&#39;</em></span> 
     </span>
    </p>
   </div>
   <div class='ocr_carea' id='block_1_6' title="bbox 544 2403 3210 2811">
    <p class='ocr_par' dir='ltr' id='par_1_7' title="bbox 544 2403 3210 2811">
     <span class='ocr_line' id='line_1_20' title="bbox 551 2403 3210 2486; baseline -0 -16"><span class='ocrx_word' id='word_1_201' title='bbox 551 2403 918 2470; x_wconf 81' lang='lat' dir='ltr'><em>munerari</em></span> <span class='ocrx_word' id='word_1_202' title='bbox 992 2421 1037 2468; x_wconf 87' lang='lat' dir='ltr'><em>a</em></span> <span class='ocrx_word' id='word_1_203' title='bbox 1113 2404 1269 2484; x_wconf 84' lang='lat' dir='ltr'><em>Deo,</em></span> <span class='ocrx_word' id='word_1_204' title='bbox 1331 2405 1728 2469; x_wconf 77' lang='lat' dir='ltr'><em>accenditur</em></span> <span class='ocrx_word' id='word_1_205' title='bbox 1804 2406 1898 2469; x_wconf 86' lang='lat' dir='ltr'><em>ad</em></span> <span class='ocrx_word' id='word_1_206' title='bbox 1974 2405 2356 2468; x_wconf 81' lang='lat' dir='ltr'><em>amandum</em></span> <span class='ocrx_word' id='word_1_207' title='bbox 2430 2421 2606 2486; x_wconf 87' lang='lat' dir='ltr'><em>eum,</em></span> <span class='ocrx_word' id='word_1_208' title='bbox 2658 2403 2717 2468; x_wconf 87' lang='lat' dir='ltr'><em>et</em></span> <span class='ocrx_word' id='word_1_209' title='bbox 2792 2405 3210 2469; x_wconf 79' lang='lat' dir='ltr'><em>servandum</em></span> 
     </span>
     <span class='ocr_line' id='line_1_21' title="bbox 544 2497 3209 2594; baseline -0 -17"><span class='ocrx_word' id='word_1_210' title='bbox 544 2511 906 2593; x_wconf 84' lang='lat' dir='ltr'><em>praecepta</em></span> <span class='ocrx_word' id='word_1_211' title='bbox 929 2512 1078 2577; x_wconf 67' lang='lat' dir='ltr'><em>eius</em></span> <span class='ocrx_word' id='word_1_212' title='bbox 1101 2514 1212 2593; x_wconf 90' lang='grc'>(8).</span> <span class='ocrx_word' id='word_1_213' title='bbox 1239 2512 1456 2578; x_wconf 84' lang='grc' dir='ltr'><strong>Α11101·</strong></span> <span class='ocrx_word' id='word_1_214' title='bbox 1485 2512 1881 2577; x_wconf 87' lang='lat' dir='ltr'><em>huiusmodi</em></span> <span class='ocrx_word' id='word_1_215' title='bbox 1916 2513 2018 2577; x_wconf 90' lang='lat' dir='ltr'><em>est</em></span> <span class='ocrx_word' id='word_1_216' title='bbox 2052 2529 2290 2576; x_wconf 84' lang='lat' dir='ltr'><em>revera</em></span> <span class='ocrx_word' id='word_1_217' title='bbox 2320 2497 2514 2576; x_wconf 81' lang='lat' dir='ltr'><em>amor</em></span> <span class='ocrx_word' id='word_1_218' title='bbox 2546 2513 2649 2575; x_wconf 86' lang='lat' dir='ltr'><em>sui</em></span> <span class='ocrx_word' id='word_1_219' title='bbox 2688 2511 2923 2594; x_wconf 81' lang='lat' dir='ltr'><em>ipsine,</em></span> <span class='ocrx_word' id='word_1_220' title='bbox 2944 2509 3209 2592; x_wconf 87' lang='lat' dir='ltr'><em>quippe</em></span> 
     </span>
     <span class='ocr_line' id='line_1_22' title="bbox 551 2605 3209 2703; baseline -0.001 -20"><span class='ocrx_word' id='word_1_221' title='bbox 551 2635 686 2703; x_wconf 90' lang='lat' dir='ltr'><em>quo</em></span> <span class='ocrx_word' id='word_1_222' title='bbox 731 2619 916 2683; x_wconf 89' lang='lat' dir='ltr'><em>Deus</em></span> <span class='ocrx_word' id='word_1_223' title='bbox 961 2617 1281 2702; x_wconf 85' lang='lat' dir='ltr'><em>diligitur</em></span> <span class='ocrx_word' id='word_1_224' title='bbox 1325 2617 1558 2701; x_wconf 89' lang='lat' dir='ltr'><em>(prout</em></span> <span class='ocrx_word' id='word_1_225' title='bbox 1604 2620 1691 2683; x_wconf 90' lang='lat' dir='ltr'><em>ab</em></span> <span class='ocrx_word' id='word_1_226' title='bbox 1739 2619 2019 2703; x_wconf 83' lang='lat' dir='ltr'><em>aegroto</em></span> <span class='ocrx_word' id='word_1_227' title='bbox 2068 2605 2423 2701; x_wconf 84' lang='lat' dir='ltr'><em>medicus),</em></span> <span class='ocrx_word' id='word_1_228' title='bbox 2472 2635 2610 2683; x_wconf 92' lang='lat' dir='ltr'><em>non</em></span> <span class='ocrx_word' id='word_1_229' title='bbox 2653 2616 2929 2701; x_wconf 87' lang='lat' dir='ltr'><em>propter</em></span> <span class='ocrx_word' id='word_1_230' title='bbox 2960 2618 3209 2701; x_wconf 86' lang='lat' dir='ltr'><em>ipsum,</em></span> 
     </span>
     <span class='ocr_line' id='line_1_23' title="bbox 549 2709 3207 2811; baseline -0.001 -20"><span class='ocrx_word' id='word_1_231' title='bbox 549 2729 667 2792; x_wconf 91' lang='lat' dir='ltr'><em>sed</em></span> <span class='ocrx_word' id='word_1_232' title='bbox 715 2724 793 2791; x_wconf 89' lang='lat' dir='ltr'><em>ut</em></span> <span class='ocrx_word' id='word_1_233' title='bbox 838 2726 926 2791; x_wconf 90' lang='lat' dir='ltr'><em>ab</em></span> <span class='ocrx_word' id='word_1_234' title='bbox 974 2709 1120 2809; x_wconf 74' lang='lat' dir='ltr'><em>ips‘o</em></span> <span class='ocrx_word' id='word_1_235' title='bbox 1167 2728 1446 2809; x_wconf 84' lang='lat' dir='ltr'><em>aliquod</em></span> <span class='ocrx_word' id='word_1_236' title='bbox 1495 2728 1752 2792; x_wconf 89' lang='lat' dir='ltr'><em>bonum</em></span> <span class='ocrx_word' id='word_1_237' title='bbox 1802 2728 1999 2793; x_wconf 88' lang='lat' dir='ltr'><em>nobis</em></span> <span class='ocrx_word' id='word_1_238' title='bbox 2048 2726 2407 2809; x_wconf 83' lang='lat' dir='ltr'><em>proveniat</em></span> <span class='ocrx_word' id='word_1_239' title='bbox 2458 2728 2585 2811; x_wconf 86' lang='lat'>(9);</span> <span class='ocrx_word' id='word_1_240' title='bbox 2634 2725 2787 2790; x_wconf 89' lang='lat' dir='ltr'><em>ideo</em></span> <span class='ocrx_word' id='word_1_241' title='bbox 2834 2725 2907 2790; x_wconf 89' lang='lat' dir='ltr'><em>in</em></span> <span class='ocrx_word' id='word_1_242' title='bbox 2954 2724 3207 2791; x_wconf 83' lang='lat' dir='ltr'><em>scholis</em></span> 
     </span>
    </p>
   </div>
   <div class='ocr_carea' id='block_1_7' title="bbox 551 2831 3241 2935">
    <p class='ocr_par' dir='ltr' id='par_1_8' title="bbox 551 2831 3241 2935">
     <span class='ocr_line' id='line_1_24' title="bbox 551 2831 3241 2935; baseline -0.001 -36"><span class='ocrx_word' id='word_1_243' title='bbox 551 2833 805 2899; x_wconf 85' lang='lat' dir='ltr'><em>dieitur</em></span> <span class='ocrx_word' id='word_1_244' title='bbox 851 2850 1050 2899; x_wconf 83' lang='lat' dir='ltr'><em>amor</em></span> <span class='ocrx_word' id='word_1_245' title='bbox 1095 2831 1715 2915; x_wconf 80' lang='lat' dir='ltr'><em>concupiscentiae:</em></span> <span class='ocrx_word' id='word_1_246' title='bbox 1764 2831 2241 2919; x_wconf 74' lang='lat' dir='ltr'><em>nihilominus,</em></span> <span class='ocrx_word' id='word_1_247' title='bbox 2290 2834 2545 2898; x_wconf 88' lang='lat' dir='ltr'><em>amoris</em></span> <span class='ocrx_word' id='word_1_248' title='bbox 2592 2833 2718 2897; x_wconf 90' lang='lat' dir='ltr'><em>Dei</em></span> <span class='ocrx_word' id='word_1_249' title='bbox 2765 2832 3003 2916; x_wconf 79' lang='lat' dir='ltr'><em>ipsiuS,</em></span> <span class='ocrx_word' id='word_1_250' title='bbox 3037 2831 3241 2935; x_wconf 35' lang='lat' dir='ltr'><em>idest·</em></span> 
     </span>
    </p>
   </div>
   <div class='ocr_carea' id='block_1_8' title="bbox 552 2937 2022 3022">
    <p class='ocr_par' dir='ltr' id='par_1_9' title="bbox 552 2937 2022 3022">
     <span class='ocr_line' id='line_1_25' title="bbox 552 2937 2022 3022; baseline 0.001 -19"><span class='ocrx_word' id='word_1_251' title='bbox 552 2955 752 3005; x_wconf 87' lang='lat' dir='ltr'><em>verae</em></span> <span class='ocrx_word' id='word_1_252' title='bbox 797 2940 1126 3021; x_wconf 75' lang='lat' dir='ltr'><em>caritatis,</em></span> <span class='ocrx_word' id='word_1_253' title='bbox 1176 2940 1456 3004; x_wconf 89' lang='lat' dir='ltr'><em>initium</em></span> <span class='ocrx_word' id='word_1_254' title='bbox 1504 2940 1813 3004; x_wconf 84' lang='lat' dir='ltr'><em>eontinet</em></span> <span class='ocrx_word' id='word_1_255' title='bbox 1858 2937 2022 3022; x_wconf 90' lang='grc'><strong>(10).</strong></span> 
     </span>
    </p>
   </div>
   <div class='ocr_carea' id='block_1_9' title="bbox 1650 3185 2116 3254">
    <p class='ocr_par' dir='ltr' id='par_1_10' title="bbox 1650 3185 2116 3254">
     <span class='ocr_line' id='line_1_26' title="bbox 1650 3185 2116 3254; baseline 0.004 -4"><span class='ocrx_word' id='word_1_256' title='bbox 1650 3185 1945 3254; x_wconf 84' lang='lat' dir='ltr'><strong>CAPUT</strong></span> <span class='ocrx_word' id='word_1_257' title='bbox 1991 3188 2116 3253; x_wconf 93' lang='lat' dir='ltr'><strong>III.</strong></span> 
     </span>
    </p>
   </div>
   <div class='ocr_carea' id='block_1_10' title="bbox 1195 3360 2563 3415">
    <p class='ocr_par' dir='ltr' id='par_1_11' title="bbox 1195 3360 2563 3415">
     <span class='ocr_line' id='line_1_27' title="bbox 1195 3360 2563 3415; baseline -0.001 -2"><span class='ocrx_word' id='word_1_258' title='bbox 1195 3363 1290 3414; x_wconf 84' lang='lat' dir='ltr'><em>DE</em></span> <span class='ocrx_word' id='word_1_259' title='bbox 1337 3362 1708 3415; x_wconf 79' lang='lat' dir='ltr'>CARITATE</span> <span class='ocrx_word' id='word_1_260' title='bbox 1755 3362 1847 3413; x_wconf 79' lang='lat' dir='ltr'><em>ET</em></span> <span class='ocrx_word' id='word_1_261' title='bbox 1898 3360 2271 3413; x_wconf 84' lang='lat' dir='ltr'>OPPOSITIS</span> <span class='ocrx_word' id='word_1_262' title='bbox 2320 3360 2563 3412; x_wconf 79' lang='lat' dir='ltr'><em>vl&#39;rns.</em></span> 
     </span>
    </p>
   </div>
   <div class='ocr_carea' id='block_1_11' title="bbox 693 3540 3212 3630">
    <p class='ocr_par' dir='ltr' id='par_1_12' title="bbox 693 3540 3212 3630">
     <span class='ocr_line' id='line_1_28' title="bbox 693 3540 3212 3630; baseline -0.001 -20"><span class='ocrx_word' id='word_1_263' title='bbox 693 3550 792 3611; x_wconf 84' lang='lat'><em>12.</em></span> <span class='ocrx_word' id='word_1_264' title='bbox 843 3546 1136 3611; x_wconf 86' lang='lat' dir='ltr'><em>Amatur</em></span> <span class='ocrx_word' id='word_1_265' title='bbox 1181 3546 1452 3629; x_wconf 85' lang='lat' dir='ltr'><em>aliquis,</em></span> <span class='ocrx_word' id='word_1_266' title='bbox 1501 3548 1608 3609; x_wconf 80' lang='lat' dir='ltr'><em>vel</em></span> <span class='ocrx_word' id='word_1_267' title='bbox 1658 3546 1933 3625; x_wconf 87' lang='lat' dir='ltr'><em>propter</em></span> <span class='ocrx_word' id='word_1_268' title='bbox 1962 3560 2053 3627; x_wconf 83' lang='lat' dir='ltr'><em>se,</em></span> <span class='ocrx_word' id='word_1_269' title='bbox 2088 3545 2198 3608; x_wconf 88' lang='lat' dir='ltr'><em>vel</em></span> <span class='ocrx_word' id='word_1_270' title='bbox 2229 3542 2506 3626; x_wconf 86' lang='lat' dir='ltr'><em>propter</em></span> <span class='ocrx_word' id='word_1_271' title='bbox 2536 3542 2754 3608; x_wconf 89' lang='lat' dir='ltr'><em>alium</em></span> <span class='ocrx_word' id='word_1_272' title='bbox 2792 3540 2942 3624; x_wconf 88' lang='lat' dir='ltr'><em>(aut</em></span> <span class='ocrx_word' id='word_1_273' title='bbox 2972 3542 3212 3630; x_wconf 81' lang='lat' dir='ltr'><em>aliud);</em></span> 
     </span>
    </p>
   </div>
   <div class='ocr_carea' id='block_1_12' title="bbox 423 3644 3216 3739">
    <p class='ocr_par' dir='ltr' id='par_1_13' title="bbox 423 3644 3216 3739">
     <span class='ocr_line' id='line_1_29' title="bbox 423 3644 3216 3739; baseline -0.002 -17"><span class='ocrx_word' id='word_1_274' title='bbox 423 3644 432 3655; x_wconf 79' lang='grc'><strong><em>’</em></strong></span> <span class='ocrx_word' id='word_1_275' title='bbox 519 3656 670 3739; x_wconf 74' lang='lat' dir='ltr'><em>sie,</em></span> <span class='ocrx_word' id='word_1_276' title='bbox 719 3672 783 3718; x_wconf 77' lang='lat' dir='ltr'><em>V.</em></span> <span class='ocrx_word' id='word_1_277' title='bbox 833 3672 911 3737; x_wconf 88' lang='lat' dir='ltr'><em>e.,</em></span> <span class='ocrx_word' id='word_1_278' title='bbox 960 3653 1234 3718; x_wconf 85' lang='lat' dir='ltr'><em>iuvenis</em></span> <span class='ocrx_word' id='word_1_279' title='bbox 1281 3653 1584 3735; x_wconf 88' lang='lat' dir='ltr'><em>puellam</em></span> <span class='ocrx_word' id='word_1_280' title='bbox 1631 3651 1701 3717; x_wconf 87' lang='lat' dir='ltr'><em>et</em></span> <span class='ocrx_word' id='word_1_281' title='bbox 1749 3654 2065 3717; x_wconf 89' lang='lat' dir='ltr'><em>lenonem</em></span> <span class='ocrx_word' id='word_1_282' title='bbox 2129 3649 2337 3717; x_wconf 87' lang='lat' dir='ltr'><em>amat.</em></span> <span class='ocrx_word' id='word_1_283' title='bbox 2393 3652 2648 3714; x_wconf 86' lang='lat' dir='ltr'><em>Amare</em></span> <span class='ocrx_word' id='word_1_284' title='bbox 2708 3650 3007 3731; x_wconf 88' lang='lat' dir='ltr'><em>aliquem</em></span> <span class='ocrx_word' id='word_1_285' title='bbox 3063 3669 3216 3734; x_wconf 90' lang='lat' dir='ltr'><em>pro·</em></span> 
     </span>
    </p>
   </div>
   <div class='ocr_carea' id='block_1_13' title="bbox 551 3843 3210 4483">
    <p class='ocr_par' dir='ltr' id='par_1_14' title="bbox 631 3843 3210 4165">
     <span class='ocr_line' id='line_1_30' title="bbox 633 3843 3210 3921; baseline -0 -17"><span class='ocrx_word' id='word_1_286' title='bbox 633 3848 724 3919; x_wconf 72' lang='lat'><em>(2)</em></span> <span class='ocrx_word' id='word_1_287' title='bbox 766 3848 840 3904; x_wconf 90' lang='lat' dir='ltr'><em>D.</em></span> <span class='ocrx_word' id='word_1_288' title='bbox 886 3846 1018 3920; x_wconf 70' lang='lat' dir='ltr'><em>Th„</em></span> <span class='ocrx_word' id='word_1_289' title='bbox 1065 3848 1118 3919; x_wconf 82' lang='lat'><em>2,</em></span> <span class='ocrx_word' id='word_1_290' title='bbox 1165 3846 1218 3916; x_wconf 86' lang='grc'><em>2,</em></span> <span class='ocrx_word' id='word_1_291' title='bbox 1266 3846 1356 3918; x_wconf 91' lang='grc'><em>17,</em></span> <span class='ocrx_word' id='word_1_292' title='bbox 1401 3866 1494 3903; x_wconf 86' lang='lat' dir='ltr'><em>aa.</em></span> <span class='ocrx_word' id='word_1_293' title='bbox 1552 3846 1605 3918; x_wconf 91' lang='grc'><em>2,</em></span> <span class='ocrx_word' id='word_1_294' title='bbox 1651 3846 1707 3903; x_wconf 82' lang='grc'><em>3.</em></span> <span class='ocrx_word' id='word_1_295' title='bbox 1939 3864 2059 3901; x_wconf 83' lang='grc'><strong>11011</strong></span> <span class='ocrx_word' id='word_1_296' title='bbox 2104 3864 2297 3921; x_wconf 77' lang='lat' dir='ltr'><em>posse,</em></span> <span class='ocrx_word' id='word_1_297' title='bbox 2344 3850 2454 3901; x_wconf 87' lang='lat' dir='ltr'><em>aut</em></span> <span class='ocrx_word' id='word_1_298' title='bbox 2498 3843 2658 3901; x_wconf 88' lang='lat' dir='ltr'><em>nolle</em></span> <span class='ocrx_word' id='word_1_299' title='bbox 2714 3844 3051 3915; x_wconf 85' lang='lat' dir='ltr'><em>dimittere,</em></span> <span class='ocrx_word' id='word_1_300' title='bbox 3096 3850 3210 3904; x_wconf 85' lang='lat' dir='ltr'><em>aut</em></span> 
     </span>
     <span class='ocr_line' id='line_1_31' title="bbox 631 3922 3209 4005; baseline -0.001 -21"><span class='ocrx_word' id='word_1_301' title='bbox 631 3928 839 4005; x_wconf 80' lang='grc'><strong>(3)·1).</strong></span> <span class='ocrx_word' id='word_1_302' title='bbox 885 3926 997 3984; x_wconf 88' lang='lat' dir='ltr'><em>Th.</em></span> <span class='ocrx_word' id='word_1_303' title='bbox 1043 3928 1096 4001; x_wconf 80' lang='lat'><em>2,</em></span> <span class='ocrx_word' id='word_1_304' title='bbox 1141 3928 1194 3998; x_wconf 83' lang='lat'><em>2,</em></span> <span class='ocrx_word' id='word_1_305' title='bbox 1243 3926 1334 3999; x_wconf 81' lang='grc'><em>17,</em></span> <span class='ocrx_word' id='word_1_306' title='bbox 1385 3926 1440 3983; x_wconf 92' lang='grc'><strong>2.</strong></span> <span class='ocrx_word' id='word_1_307' title='bbox 1938 3926 2028 3983; x_wconf 82' lang='lat' dir='ltr'><em>eis</em></span> <span class='ocrx_word' id='word_1_308' title='bbox 2071 3924 2466 3983; x_wconf 78' lang='lat' dir='ltr'><em>dimittendis</em></span> <span class='ocrx_word' id='word_1_309' title='bbox 2510 3922 2749 3981; x_wconf 80' lang='lat' dir='ltr'><em>Christi</em></span> <span class='ocrx_word' id='word_1_310' title='bbox 2791 3925 3015 3981; x_wconf 80' lang='lat' dir='ltr'><em>merita</em></span> <span class='ocrx_word' id='word_1_311' title='bbox 3052 3926 3209 3982; x_wconf 70' lang='lat' dir='ltr'><em>satis</em></span> 
     </span>
     <span class='ocr_line' id='line_1_32' title="bbox 633 4004 3203 4080; baseline -0 -16"><span class='ocrx_word' id='word_1_312' title='bbox 633 4008 694 4078; x_wconf 77' lang='lat'><em>(4</em></span> <span class='ocrx_word' id='word_1_313' title='bbox 764 4006 952 4079; x_wconf 81' lang='lat' dir='ltr'><em>Trid.‚</em></span> <span class='ocrx_word' id='word_1_314' title='bbox 998 4006 1093 4066; x_wconf 69' lang='lat' dir='ltr'><em>VI</em></span> <span class='ocrx_word' id='word_1_315' title='bbox 1149 4007 1244 4063; x_wconf 86' lang='lat' dir='ltr'><em>De</em></span> <span class='ocrx_word' id='word_1_316' title='bbox 1285 4008 1558 4079; x_wconf 66' lang='lat' dir='ltr'><em>Iustifi&#39;a,</em></span> <span class='ocrx_word' id='word_1_317' title='bbox 1606 4004 1673 4064; x_wconf 83' lang='lat' dir='ltr'><em>C.</em></span> <span class='ocrx_word' id='word_1_318' title='bbox 1735 4008 1825 4062; x_wconf 74' lang='lat'><em>165.</em></span> <span class='ocrx_word' id='word_1_319' title='bbox 1939 4026 2057 4062; x_wconf 87' lang='lat' dir='ltr'><em>non</em></span> <span class='ocrx_word' id='word_1_320' title='bbox 2100 4024 2251 4080; x_wconf 81' lang='lat' dir='ltr'><em>esse,</em></span> <span class='ocrx_word' id='word_1_321' title='bbox 2284 4004 2384 4063; x_wconf 85' lang='lat' dir='ltr'><em>vel</em></span> <span class='ocrx_word' id='word_1_322' title='bbox 2415 4004 2900 4062; x_wconf 81' lang='lat' dir='ltr'><em>misericordiam</em></span> <span class='ocrx_word' id='word_1_323' title='bbox 2932 4004 3046 4061; x_wconf 89' lang='lat' dir='ltr'><em>Dei</em></span> <span class='ocrx_word' id='word_1_324' title='bbox 3088 4024 3203 4063; x_wconf 90' lang='lat' dir='ltr'><em>non</em></span> 
     </span>
     <span class='ocr_line' id='line_1_33' title="bbox 632 4011 2913 4165; baseline 0 -24"><span class='ocrx_word' id='word_1_325' title='bbox 632 4011 720 4165; x_wconf 49' lang='lat'><em>(53</em></span> <span class='ocrx_word' id='word_1_326' title='bbox 765 4090 984 4158; x_wconf 63' lang='lat' dir='ltr'><em>Actor„</em></span> <span class='ocrx_word' id='word_1_327' title='bbox 1029 4086 1142 4159; x_wconf 69' lang='lat' dir='ltr'><em>IV,</em></span> <span class='ocrx_word' id='word_1_328' title='bbox 1193 4086 1303 4154; x_wconf 89' lang='grc'><em>12;</em></span> <span class='ocrx_word' id='word_1_329' title='bbox 1347 4086 1381 4143; x_wconf 90' lang='grc' dir='ltr'>Ι</span> <span class='ocrx_word' id='word_1_330' title='bbox 1427 4084 1620 4158; x_wconf 76' lang='lat' dir='ltr'><em>Petri,</em></span> <span class='ocrx_word' id='word_1_331' title='bbox 1653 4084 1704 4157; x_wconf 91' lang='grc' dir='ltr'><em>Ι,</em></span> <span class='ocrx_word' id='word_1_332' title='bbox 1750 4088 1805 4143; x_wconf 82' lang='lat'><em>3.</em></span> <span class='ocrx_word' id='word_1_333' title='bbox 1936 4104 2069 4157; x_wconf 77' lang='lat' dir='ltr'><em>esse</em></span> <span class='ocrx_word' id='word_1_334' title='bbox 2113 4084 2441 4143; x_wconf 85' lang='lat' dir='ltr'><em>infinitam.</em></span> <span class='ocrx_word' id='word_1_335' title='bbox 2909 4109 2913 4117; x_wconf 92' lang='lat'>·</span> 
     </span>
    </p>

    <p class='ocr_par' dir='ltr' id='par_1_15' title="bbox 633 4164 2840 4242">
     <span class='ocr_line' id='line_1_34' title="bbox 633 4164 2840 4242; baseline 0 -21"><span class='ocrx_word' id='word_1_336' title='bbox 633 4168 718 4242; x_wconf 78' lang='grc'><em>(6)</em></span> <span class='ocrx_word' id='word_1_337' title='bbox 765 4168 960 4236; x_wconf 59' lang='lat' dir='ltr'><em>Suam,</em></span> <span class='ocrx_word' id='word_1_338' title='bbox 1007 4166 1183 4242; x_wconf 81' lang='lat' dir='ltr'><em>Disp.</em></span> <span class='ocrx_word' id='word_1_339' title='bbox 1228 4166 1281 4237; x_wconf 89' lang='grc'><em>2,</em></span> <span class='ocrx_word' id='word_1_340' title='bbox 1327 4166 1490 4223; x_wconf 83' lang='lat' dir='ltr'><em>Seet.</em></span> <span class='ocrx_word' id='word_1_341' title='bbox 1535 4166 1590 4223; x_wconf 85' lang='lat'><em>3.</em></span> <span class='ocrx_word' id='word_1_342' title='bbox 2017 4164 2104 4242; x_wconf 77' lang='lat'><em>(8)</em></span> <span class='ocrx_word' id='word_1_343' title='bbox 2149 4165 2224 4223; x_wconf 92' lang='lat' dir='ltr'><em>D.</em></span> <span class='ocrx_word' id='word_1_344' title='bbox 2269 4165 2401 4238; x_wconf 66' lang='lat' dir='ltr'><em>Th„</em></span> <span class='ocrx_word' id='word_1_345' title='bbox 2446 4166 2503 4238; x_wconf 98' lang='grc'><em>2,</em></span> <span class='ocrx_word' id='word_1_346' title='bbox 2547 4165 2599 4237; x_wconf 89' lang='grc'><em>2,</em></span> <span class='ocrx_word' id='word_1_347' title='bbox 2651 4165 2740 4239; x_wconf 88' lang='grc'><em>17,</em></span> <span class='ocrx_word' id='word_1_348' title='bbox 2784 4164 2840 4222; x_wconf 86' lang='grc'><em>8.</em></span> 
     </span>
    </p>

    <p class='ocr_par' dir='ltr' id='par_1_16' title="bbox 551 4244 3209 4483">
     <span class='ocr_line' id='line_1_35' title="bbox 631 4244 2673 4323; baseline -0.003 -15"><span class='ocrx_word' id='word_1_349' title='bbox 631 4248 718 4323; x_wconf 74' lang='grc'><em>(7)</em></span> <span class='ocrx_word' id='word_1_350' title='bbox 764 4246 839 4305; x_wconf 85' lang='lat' dir='ltr'><em>D.</em></span> <span class='ocrx_word' id='word_1_351' title='bbox 883 4245 1014 4319; x_wconf 68' lang='lat' dir='ltr'><em>Th„</em></span> <span class='ocrx_word' id='word_1_352' title='bbox 1041 4248 1094 4320; x_wconf 91' lang='grc'><em>2,</em></span> <span class='ocrx_word' id='word_1_353' title='bbox 1141 4247 1194 4319; x_wconf 92' lang='grc'><em>2,</em></span> <span class='ocrx_word' id='word_1_354' title='bbox 1241 4247 1334 4313; x_wconf 85' lang='grc'><em>20,</em></span> <span class='ocrx_word' id='word_1_355' title='bbox 1379 4246 1434 4319; x_wconf 83' lang='grc'><strong>2;</strong></span> <span class='ocrx_word' id='word_1_356' title='bbox 1480 4246 1681 4318; x_wconf 84' lang='lat' dir='ltr'><em>Salm.‚</em></span> <span class='ocrx_word' id='word_1_357' title='bbox 1727 4246 1823 4321; x_wconf 89' lang='grc'><em>21,</em></span> <span class='ocrx_word' id='word_1_358' title='bbox 2015 4245 2102 4321; x_wconf 80' lang='grc'><em>(9)</em></span> <span class='ocrx_word' id='word_1_359' title='bbox 2147 4246 2221 4302; x_wconf 93' lang='lat' dir='ltr'><em>D.</em></span> <span class='ocrx_word' id='word_1_360' title='bbox 2264 4244 2377 4301; x_wconf 88' lang='lat' dir='ltr'><em>Th.</em></span> <span class='ocrx_word' id='word_1_361' title='bbox 2422 4248 2531 4303; x_wconf 78' lang='lat' dir='ltr'><em>loc,</em></span> <span class='ocrx_word' id='word_1_362' title='bbox 2575 4247 2673 4303; x_wconf 82' lang='lat' dir='ltr'><em>cit.</em></span> 
     </span>
     <span class='ocr_line' id='line_1_36' title="bbox 552 4324 3209 4402; baseline -0 -19"><span class='ocrx_word' id='word_1_363' title='bbox 552 4330 605 4400; x_wconf 68' lang='grc' dir='ltr'><em>ἴ),</em></span> <span class='ocrx_word' id='word_1_364' title='bbox 651 4329 744 4401; x_wconf 76' lang='lat'><em>51,</em></span> <span class='ocrx_word' id='word_1_365' title='bbox 803 4329 898 4385; x_wconf 77' lang='lat'><em>56.</em></span> <span class='ocrx_word' id='word_1_366' title='bbox 956 4326 1207 4402; x_wconf 83' lang='lat' dir='ltr'><em>Nempe,</em></span> <span class='ocrx_word' id='word_1_367' title='bbox 1263 4326 1328 4384; x_wconf 89' lang='lat' dir='ltr'><em>in</em></span> <span class='ocrx_word' id='word_1_368' title='bbox 1383 4328 1827 4401; x_wconf 75' lang='lat' dir='ltr'><em>praesumptio·</em></span> <span class='ocrx_word' id='word_1_369' title='bbox 2017 4324 2144 4401; x_wconf 85' lang='lat'><strong>(10)</strong></span> <span class='ocrx_word' id='word_1_370' title='bbox 2188 4324 2376 4398; x_wconf 68' lang='lat' dir='ltr'><em>Trid„</em></span> <span class='ocrx_word' id='word_1_371' title='bbox 2410 4324 2523 4397; x_wconf 74' lang='lat' dir='ltr'><em>VI,</em></span> <span class='ocrx_word' id='word_1_372' title='bbox 2556 4326 2649 4383; x_wconf 82' lang='lat' dir='ltr'><em>De</em></span> <span class='ocrx_word' id='word_1_373' title='bbox 2691 4326 2925 4400; x_wconf 69' lang='lat' dir='ltr'><em>Iustis„</em></span> <span class='ocrx_word' id='word_1_374' title='bbox 2971 4324 3119 4400; x_wconf 83' lang='lat' dir='ltr'><em>Cap.</em></span> <span class='ocrx_word' id='word_1_375' title='bbox 3150 4327 3209 4397; x_wconf 75' lang='lat'><em>(53</em></span> 
     </span>
     <span class='ocr_line' id='line_1_37' title="bbox 551 4402 3207 4483; baseline -0.001 -18"><span class='ocrx_word' id='word_1_376' title='bbox 551 4426 706 4481; x_wconf 84' lang='lat' dir='ltr'><em>nem,</em></span> <span class='ocrx_word' id='word_1_377' title='bbox 755 4428 810 4464; x_wconf 90' lang='lat' dir='ltr'><em>v.</em></span> <span class='ocrx_word' id='word_1_378' title='bbox 869 4427 939 4481; x_wconf 72' lang='grc'><strong>(3.,</strong></span> <span class='ocrx_word' id='word_1_379' title='bbox 999 4412 1229 4483; x_wconf 79' lang='lat' dir='ltr'><em>putans</em></span> <span class='ocrx_word' id='word_1_380' title='bbox 1286 4406 1590 4463; x_wconf 87' lang='lat' dir='ltr'><em>hominem</em></span> <span class='ocrx_word' id='word_1_381' title='bbox 1647 4426 1825 4482; x_wconf 84' lang='lat' dir='ltr'><em>posse</em></span> <span class='ocrx_word' id='word_1_382' title='bbox 1935 4404 2011 4462; x_wconf 92' lang='lat' dir='ltr'><em>D.</em></span> <span class='ocrx_word' id='word_1_383' title='bbox 2056 4404 2186 4475; x_wconf 71' lang='lat' dir='ltr'><em>Th„</em></span> <span class='ocrx_word' id='word_1_384' title='bbox 2231 4406 2273 4461; x_wconf 84' lang='lat' dir='ltr'><em>I.</em></span> <span class='ocrx_word' id='word_1_385' title='bbox 2330 4424 2377 4461; x_wconf 80' lang='lat' dir='ltr'><em>c.</em></span> <span class='ocrx_word' id='word_1_386' title='bbox 2436 4402 2611 4477; x_wconf 82' lang='lat' dir='ltr'><em>Quae</em></span> <span class='ocrx_word' id='word_1_387' title='bbox 2676 4406 2909 4463; x_wconf 77' lang='lat' dir='ltr'><em>ideirca</em></span> <span class='ocrx_word' id='word_1_388' title='bbox 2972 4406 3207 4463; x_wconf 75' lang='lat' dir='ltr'><em>caritas</em></span> 
     </span>
    </p>
   </div>
   <div class='ocr_carea' id='block_1_14' title="bbox 551 4481 3225 4562">
    <p class='ocr_par' dir='ltr' id='par_1_17' title="bbox 551 4481 3225 4562">
     <span class='ocr_line' id='line_1_38' title="bbox 551 4481 3225 4562; baseline -0.002 -17"><span class='ocrx_word' id='word_1_389' title='bbox 551 4488 788 4545; x_wconf 86' lang='lat' dir='ltr'><em>salvari</em></span> <span class='ocrx_word' id='word_1_390' title='bbox 831 4486 958 4545; x_wconf 83' lang='lat' dir='ltr'><em>sola</em></span> <span class='ocrx_word' id='word_1_391' title='bbox 1003 4488 1246 4545; x_wconf 81' lang='lat' dir='ltr'><em>virtute</em></span> <span class='ocrx_word' id='word_1_392' title='bbox 1292 4486 1649 4545; x_wconf 84' lang='lat' dir='ltr'><em>Dominicae</em></span> <span class='ocrx_word' id='word_1_393' title='bbox 1679 4486 1827 4543; x_wconf 81' lang='lat' dir='ltr'><em>Pas-</em></span> <span class='ocrx_word' id='word_1_394' title='bbox 1936 4481 2294 4562; x_wconf 74' lang='lat' dir='ltr'><em>imperfecta</em></span> <span class='ocrx_word' id='word_1_395' title='bbox 2350 4482 2474 4543; x_wconf 82' lang='lat' dir='ltr'><em>dici</em></span> <span class='ocrx_word' id='word_1_396' title='bbox 2534 4486 2693 4544; x_wconf 82' lang='lat' dir='ltr'><em>solet</em></span> <span class='ocrx_word' id='word_1_397' title='bbox 2747 4486 2849 4561; x_wconf 87' lang='lat' dir='ltr'><em>(D.</em></span> <span class='ocrx_word' id='word_1_398' title='bbox 2913 4484 3043 4557; x_wconf 71' lang='lat' dir='ltr'><em>Th„</em></span> <span class='ocrx_word' id='word_1_399' title='bbox 3111 4486 3225 4559; x_wconf 50' lang='grc' dir='ltr'><strong>ἐὺ,</strong></span> 
     </span>
    </p>
   </div>
   <div class='ocr_carea' id='block_1_15' title="bbox 541 4564 3211 4841">
    <p class='ocr_par' dir='ltr' id='par_1_18' title="bbox 541 4564 3211 4805">
     <span class='ocr_line' id='line_1_39' title="bbox 549 4564 3206 4643; baseline -0.001 -18"><span class='ocrx_word' id='word_1_400' title='bbox 549 4568 764 4639; x_wconf 75' lang='lat' dir='ltr'><em>sionis,</em></span> <span class='ocrx_word' id='word_1_401' title='bbox 805 4588 919 4626; x_wconf 79' lang='lat' dir='ltr'><em>eeu</em></span> <span class='ocrx_word' id='word_1_402' title='bbox 963 4568 1303 4639; x_wconf 83' lang='lat' dir='ltr'><em>Luterani;</em></span> <span class='ocrx_word' id='word_1_403' title='bbox 1364 4565 1462 4623; x_wconf 80' lang='lat' dir='ltr'><em>vel</em></span> <span class='ocrx_word' id='word_1_404' title='bbox 1507 4566 1572 4622; x_wconf 85' lang='lat' dir='ltr'><em>in</em></span> <span class='ocrx_word' id='word_1_405' title='bbox 1617 4566 1827 4642; x_wconf 86' lang='lat' dir='ltr'><em>despe-</em></span> <span class='ocrx_word' id='word_1_406' title='bbox 1937 4566 2027 4637; x_wconf 84' lang='grc'><em>17,</em></span> <span class='ocrx_word' id='word_1_407' title='bbox 2072 4566 2161 4643; x_wconf 78' lang='lat'><em>8):</em></span> <span class='ocrx_word' id='word_1_408' title='bbox 2234 4584 2375 4622; x_wconf 83' lang='lat' dir='ltr'><em>nam</em></span> <span class='ocrx_word' id='word_1_409' title='bbox 2447 4568 2874 4641; x_wconf 70' lang='lat' dir='ltr'><em>Imperfectum</em></span> <span class='ocrx_word' id='word_1_410' title='bbox 2942 4564 3206 4623; x_wconf 78' lang='lat' dir='ltr'><em>dicimus</em></span> 
     </span>
     <span class='ocr_line' id='line_1_40' title="bbox 544 4644 3211 4722; baseline -0.001 -17"><span class='ocrx_word' id='word_1_411' title='bbox 544 4648 873 4721; x_wconf 82' lang='lat' dir='ltr'><em>rationem,</em></span> <span class='ocrx_word' id='word_1_412' title='bbox 919 4653 1116 4719; x_wconf 79' lang='lat' dir='ltr'><em>ratus,</em></span> <span class='ocrx_word' id='word_1_413' title='bbox 1163 4650 1236 4703; x_wconf 84' lang='lat' dir='ltr'><em>ut</em></span> <span class='ocrx_word' id='word_1_414' title='bbox 1275 4646 1417 4703; x_wconf 85' lang='lat' dir='ltr'><em>olim</em></span> <span class='ocrx_word' id='word_1_415' title='bbox 1461 4644 1821 4715; x_wconf 81' lang='lat' dir='ltr'><em>Novatiani,</em></span> <span class='ocrx_word' id='word_1_416' title='bbox 1934 4644 2239 4719; x_wconf 81' lang='lat' dir='ltr'><em>quidquid</em></span> <span class='ocrx_word' id='word_1_417' title='bbox 2282 4650 2584 4722; x_wconf 80' lang='lat' dir='ltr'><em>coeptum,</em></span> <span class='ocrx_word' id='word_1_418' title='bbox 2630 4644 2901 4703; x_wconf 88' lang='lat' dir='ltr'><em>nondum</em></span> <span class='ocrx_word' id='word_1_419' title='bbox 2935 4664 3211 4716; x_wconf 80' lang='lat' dir='ltr'><em>eonsum—</em></span> 
     </span>
     <span class='ocr_line' id='line_1_41' title="bbox 541 4724 2847 4805; baseline -0.001 -20"><span class='ocrx_word' id='word_1_420' title='bbox 541 4728 852 4804; x_wconf 86' lang='lat' dir='ltr'><em>quaedam</em></span> <span class='ocrx_word' id='word_1_421' title='bbox 875 4733 1129 4805; x_wconf 81' lang='lat' dir='ltr'><em>pec-cata</em></span> <span class='ocrx_word' id='word_1_422' title='bbox 1155 4727 1458 4787; x_wconf 78' lang='lat' dir='ltr'><em>atrociora</em></span> <span class='ocrx_word' id='word_1_423' title='bbox 1485 4727 1682 4785; x_wconf 88' lang='lat' dir='ltr'><em>Deum</em></span> <span class='ocrx_word' id='word_1_424' title='bbox 1712 4734 1823 4784; x_wconf 87' lang='lat' dir='ltr'><em>aut</em></span> <span class='ocrx_word' id='word_1_425' title='bbox 1932 4730 2169 4784; x_wconf 87' lang='lat' dir='ltr'><em>matum</em></span> <span class='ocrx_word' id='word_1_426' title='bbox 2213 4724 2687 4801; x_wconf 78' lang='lat' dir='ltr'><em>absolutumque</em></span> <span class='ocrx_word' id='word_1_427' title='bbox 2732 4732 2847 4783; x_wconf 83' lang='lat' dir='ltr'><em>est.</em></span> 
     </span>
    </p>

    <p class='ocr_par' dir='ltr' id='par_1_19' title="bbox 1155 4820 1174 4841">
     <span class='ocr_line' id='line_1_42' title="bbox 1155 4820 1174 4841; baseline 0 0"><span class='ocrx_word' id='word_1_428' title='bbox 1155 4820 1174 4841; x_wconf 68' lang='grc' dir='ltr'><em>Ι</em></span> 
     </span>
    </p>
   </div>
   <div class='ocr_carea' id='block_1_16' title="bbox 3564 0 3584 3568">
    <p class='ocr_par' dir='ltr' id='par_1_20' title="bbox 3564 0 3584 3568">
     <span class='ocr_line' id='line_1_43' title="bbox 3564 0 3584 3568; baseline 0 0"><span class='ocrx_word' id='word_1_429' title='bbox 3564 0 3584 3568; x_wconf 95' lang='lat' dir='ltr'><em> </em></span> 
     </span>
    </p>
   </div>
  </div>
 </body>
</html>
