3584 5350
964 356 1177 400 CAPUT
1219 354 1394 399 unm.
1439 355 1591 399 ΛΒΤ.
1634 354 1677 397 1.
1722 352 2071 399 0οΜΜοΝ1Α
2116 352 2202 396 DE
2244 332 2517 397 1t'Jn1c11s
2947 336 3078 423 485,

402 492 841 589 probabilior,
890 505 988 570 rei
1037 504 1269 569 minus
1314 504 1689 586 probabilis
1738 500 2269 584 videatur.(32).
2319 500 2542 565 Iudex
2587 501 2707 582 qui
2756 500 3066 582 iniquam

398 614 813 691 sententiam
862 610 1045 677 dixit
1091 610 1365 677 tenetur
1410 611 1685 695 damni3
1738 609 2012 675 tametsi
2062 610 2398 674 damnum
2447 624 2684 689 passus
2730 608 3066 689 potuisset

400 723 487 786 ab
532 738 615 786 ea
658 736 1049 803 provocare,
1097 736 1225 784 nec
1273 716 1747 800 provocaverit
1772 716 1952 800 (33):
2003 712 2280 781 tantum
2349 716 2406 779 si
2480 714 2810 781 mulctam
2885 714 3066 797 fisc0,

399 829 504 892 vel
555 826 844 909 privatis
890 828 1195 891 debitam
1242 842 1382 891 non
1433 824 1958 909 adiudicaverit,
2005 823 2278 904 recepta
2323 820 2670 887 sententia
2731 820 2855 903 est,
2928 840 3064 887 non

403 928 631 999 teneri
667 950 820 999 eam
855 935 1239 1015 dependere
1269 934 1430 1015 (34),
1478 932 1798 1019 quamvis
1829 931 1951 996 illa
1982 928 2071 995 sit
2104 931 2286 994 latae
2331 928 2716 996 sententiae
2741 928 2907 1014 (35);
2952 931 3068 993 sed

400 1042 597 1125 gravi
645 1057 783 1107 non
834 1042 1054 1124 vacat,
1104 1041 1268 1123 quia
1315 1036 1538 1104 officio
1584 1056 1709 1105 suo
1756 1036 1997 1104 defuit.

536 1152 686 1214 591.
732 1148 794 1215 A
841 1147 1185 1213 sententia
1227 1147 1607 1232 definitiva,
1656 1148 1783 1217 vel.
1813 1163 1990 1229 quae
2035 1147 2433 1211 definitivae
2481 1145 2626 1209 vim
2675 1144 2900 1229 habet,
2964 1144 3066 1209 fas

400 1255 503 1321 est
547 1257 638 1321 ad
684 1256 1104 1337 superiorem
1154 1254 1453 1319 iudicem
1502 1254 1849 1335 appellare
1882 1252 2056 1337 (36);
2104 1252 2268 1319 licet
2314 1252 2587 1316 tantum
2624 1250 3069 1333 probabiliter

400 1360 493 1425 sit
540 1362 723 1427 iusta
753 1360 932 1448 (37):
981 1362 1050 1425 et
1095 1360 1557 1443 appellatione
1605 1358 2030 1443 interposita,
2077 1360 2248 1444 eius,
2314 1377 2357 1424 a
2430 1375 2566 1441 quo
2643 1358 3066 1441 appellatum

403 1466 527 1550 est,
575 1466 980 1547 iurisdictio,
1028 1466 1314 1548 ideoque
1362 1464 1705 1533 sententia
1751 1466 1840 1531 ab
1887 1465 2035 1547 ipso
2081 1466 2244 1547 lata,
2316 1464 2594 1529 interim
2645 1446 2864 1529 cessa't
2897 1463 3064 1547 (38).

402 1573 472 1638 si
520 1590 682 1639 vero
731 1591 869 1639 non
916 1574 1006 1639 sit
1053 1572 1255 1657 iusta,
1304 1590 1425 1637 seu
1470 1570 1942 1657 materialiter,
1991 1588 2113 1637 seu
2159 1567 2587 1659 f01·maliter';
2657 1572 2770 1636 vel
2841 1588 2883 1635 a
2928 1588 3069 1637 non

402 1698 525 1745 suo
573 1682 801 1746 iudice
848 1680 991 1746 lata
1036 1680 1264 1765 fuerit,
1313 1682 1374 1745 ei
1425 1679 1498 1744 in
1545 1678 1693 1745 foro
1738 1663 2204 1745 conscientiae
2249 1696 2391 1745 non
2437 1678 2716 1761 paretur
2785 1679 3072 1759 impune

403 1787 634 1868 (Proh,
682 1787 717 1870 ξ
764 1790 913 1871 307,
963 1805 1029 1852 11.
1080 1788 1214 1870 41).
2247 1782 2255 1791 '

536 1896 683 1959 592.
733 1896 841 1959 Ad
889 1894 1213 1959 ultimum
1262 1895 1495 1977 quaeri
1546 1893 1787 1977 potest,
1839 1894 2078 1959 utrum
2125 1895 2198 1960 hi
2247 1894 2366 1976 qui
2413 1911 2504 1959 ex
2536 1890 2760 1959 officio
2792 1908 3071 1957 necesse

400 2001 659 2065 habent
704 2000 1121 2067 sententiam
1166 2002 1437 2085 exequi,
1503 2019 1625 2067 ceu
1699 2000 1992 2085 lictor-ea,
2064 2000 2509 2087 apparitores,
2581 2000 2926 2083 praestare
2996 1998 3067 2064 id

404 2105 591 2170 licite
635 2106 921 2190 possint,
970 2106 1027 2171 si
1078 2107 1339 2171 iniusta
1382 2123 1463 2171 ea
1496 2103 1585 2171 sit
1611 2108 1641 2169 P
1687 2105 1894 2170 Ratio
1926 2106 2294 2171 dubitandi
2341 2105 2463 2183 est,
2497 2106 2721 2187 primo
2755 2106 2934 2187 quod
2969 2103 3068 2169 eis

402 2224 543 2273 non
591 2208 917 2294 cognitio,
966 2211 1084 2274 sed
1130 2208 1445 2274 executio
1468 2208 1854 2273 sententiae
1887 2208 2215 2273 mandata
2245 2209 2348 2273 est
2381 2209 2567 2292 (39);
2616 2208 2864 2273 deinde
2888 2206 3070 2290 quia,

407 2316 464 2379 si
514 2316 586 2380 id
632 2317 926 2397 possent,
975 2318 1141 2382 ordo
1190 2316 1625 2399 iudiciorum,
1676 2316 1747 2379 in
1797 2332 2036 2379 necem
2061 2316 2499 2399 reipublicae,
2533 2312 3069 2397 perturbaretur.

410 2421 657 2487 Dicam
704 2424 907 2504 plane
953 2424 1136 2505 quod
1180 2422 1403 2488 sentio
1449 2424 1523 2488 in
1570 2439 1644 2487 re
1714 2420 1859 2487 tam
1927 2423 2293 2508 salebrosa,
2363 2440 2570 2504 quam
2641 2420 2873 2487 Nostri
2949 2420 3071 2484 vix

404 2526 811 2612 attingunt:
860 2530 917 2594 si
966 2530 1099 2611 ipsi
1138 2530 1375 2611 putent
1422 2527 1835 2594 sententiam
1887 2530 2219 2595 iniustam
2267 2546 2433 2613 esse,
2510 2530 2579 2593 et
2647 2526 2936 2610 possunt
3002 2527 3072 2591 et

404 2635 655 2702 debent
700 2653 852 2702 eam
901 2637 1171 2722 exequi,
1223 2653 1309 2702 ne
1355 2636 1603 2703 iudicis
1650 2634 1948 2702 officium
2003 2635 2334 2718 usurpent
2359 2634 2533 2718 (40):
2616 2639 2688 2702 at
2749 2652 2906 2701 cum
2979 2632 3074 2699 est

407 2742 749 2810 evidenter
796 2744 1076 2828 iniusta,
1140 2745 1195 2809 si
1244 2761 1404 2822 eam,
1466 2743 1714 2826 exequi
1786 2744 1878 2809 sit
1945 2745 2314 2810 intrinsece
2383 2745 2644 2830 malum
2723 2743 2929 2826 (quod
2997 2741 3072 2806 in

1877 3033 2006 3110 (37)
2048 3032 2146 3090 Ex
2190 3032 2262 3090 L.
2317 3033 2412 3106 43,
2477 3032 2570 3090 De
2613 3033 2797 3092 Petit.
2868 3034 3070 3090 hev-ed.

486 3034 613 3111 (32)
658 3034 756 3092 Ex
801 3033 869 3093 6.
913 3035 967 3107 6,
1010 3034 1107 3092 De
1149 3035 1289 3092 Fid.
1330 3034 1523 3092 lustr.
1554 3015 1685 3092 Nec'

1790 3109 1959 3184 Quid
2005 3114 2056 3172 si
2103 3111 2484 3190 probabilius
2527 3113 2630 3186 sit,
2689 3113 3070 3171 sententiam

402 3113 613 3172 obstat
668 3113 809 3172 Inn.
856 3113 974 3186 XI,
1039 3114 1094 3171 2.
1167 3115 1483 3173 Emistimo
1526 3115 1683 3172 incli-

402 3213 529 3252 cem
598 3212 785 3270 posse
855 3195 1131 3253 iudicare
1198 3196 1377 3252 inusta
1448 3195 1682 3271 opinio-

404 3292 537 3331 ve‘m
568 3276 771 3332 etiam
812 3275 1025 3332 minus
1055 3275 1456 3350 probabilem.
1508 3273 1681 3331 Haec

403 3355 741 3430 propositio
782 3354 1079 3412 damnata
1122 3364 1236 3426 est,
1282 3374 1350 3412 60
1393 3353 1553 3429 quod
1595 3353 1682 3410 ni-

406 3433 523 3491 mis
564 3433 691 3492 late
735 3439 973 3510 pateat,
1015 3439 1082 3492 et
1122 3438 1219 3492 est
1262 3433 1423 3492 falsa
1480 3432 1683 3508 quoad

408 3519 675 3572 actorem
740 3514 841 3590 (V.
906 3513 1089 3588 Prol.,
1154 3516 1194 3592 ξ
1238 3513 1369 3586 189,
1442 3533 1500 3570 11.
1566 3514 1643 3570 63
1667 3533 1681 3587 ;

481 3675 585 3749 (33
656 3673 753 3731 Ex
797 3674 868 3731 L.
912 3673 1007 3747 63,
1051 3676 1145 3732 De
1190 3675 1387 3732 Evict.

484 3673 611 3834 (343
656 3753 715 3812 S.
758 3753 965 3831 Alph.,
998 3753 1111 3826 IV,
1162 3753 1291 3828 196,
1337 3753 1472 3810 237.

484 3833 611 3912 (35)
670 3833 873 3908 Salm.‚
950 3832 1039 3908 11,
1111 3834 1165 3907 2,
1238 3833 1334 3890 76.
1406 3833 1677 3908 Scilicet,

404 3913 589 3971 iudex
633 3913 1069 3988 delinquentes
1111 3911 1360 3988 quidem
1403 3931 1680 3972 coercere

401 3993 603 4067 debet,
649 3993 758 4052 sed
801 4000 877 4052 ut
916 3994 1023 4052 alii
1055 3995 1261 4052 minus
1291 3993 1679 4068 delinquant,

400 4092 521 4210 pion
566 4081 637 4131 ut
680 4073 887 4148 fiscus,
944 4078 1060 4132 aut
1121 4075 1359 4151 privati
1422 4073 1679 4142 ditiores

446 4159 575 4211 ant.

482 4233 611 4312 (36)
655 4234 787 4292 LL.
816 4236 869 4307 1,
910 4234 965 4308 2,
1012 4233 1105 4308 30,
1153 4234 1247 4307 32,
1291 4233 1385 4292 De
1435 4233 1679 4311 Appell.

403 4313 615 4372 Etiam
659 4334 769 4390 pro
811 4315 1083 4373 minimis
1126 4313 1444 4372 causistC.
1474 4314 1681 4387 11,De

404 4395 671 4472 Appell.)
714 4395 1077 4469 Definitz'va,
1132 4399 1249 4452 etc.
1322 4395 1419 4471 (L.
1490 4393 1543 4466 2,
1587 4395 1681 4452 De

402 4476 645 4550 Appell.
687 4477 904 4552 recip.;
945 4473 1178 4532 Bened.
1223 4473 1324 4531 XI
1343 4477 1403 4547 κ’,
1471 4472 1538 4531 Ο.
1586 4475 1681 4530 Ad

400 4555 743 4613 Militantis
788 4556 1124 4629 Ecclesia&
1164 4553 1354 4628 Trid„
1415 4552 1677 4627 XXIII,

402 4633 496 4702 R„
546 4636 609 4708 13
640 4634 905 4709 -XXIV,
952 4635 1049 4709 R„
1092 4635 1211 4710 20).

1788 3195 2022 3252 iustam
2065 3191 2259 3251 fuisse
2276 3192 2304 3249 P
2332 3191 2551 3252 Nostri
2573 3194 2956 3252 communius
2973 3213 3074 3254 ne-

1788 3279 1963 3350 gant,
1989 3273 2466 3350 appellationem
2483 3272 2722 3332 licitam
2743 3291 2898 3345 esse,
2925 3273 3072 3346 quia

1788 3353 2003 3427 iudici,
2027 3373 2166 3412 cum
2198 3373 2317 3411 non
2341 3354 2543 3430 possit
2563 3352 2842 3411 iudicare
2859 3371 3072 3412 secun-

1789 3434 1936 3492 dum
1981 3434 2363 3492 sententiam
2425 3433 2632 3491 minus
2695 3432 3071 3510 probabilem

1789 3512 1958 3592 (Inn.
2004 3513 2124 3587 XI,
2170 3515 2250 3592 2),
2284 3511 2461 3572 nefas
2503 3519 2602 3572 est
2623 3532 2916 3572 revocare
2941 3533 3074 3572 sen—

1790 3595 2056 3652 tentiam
2096 3593 2452 3652 huiusmodi
2493 3591 2722 3670 (Salm.‚
2767 3593 2863 3650 24.
2893 3594 2948 3666 7,
2971 3594 3072 3668 453

1790 3673 1850 3732 S.
1893 3673 2101 3750 Alph.,
2152 3667 2265 3748 IV,
2311 3674 2472 3752 285).
2543 3671 2882 3731 Affirmant
2941 3672 3068 3746 alii,

1789 3773 2048 3828 quorum
2073 3755 2389 3812 sententia
2413 3753 2514 3811 vel
2537 3754 2692 3830 ipsis
2709 3753 3069 3812 Salmantic.

1790 3834 1876 3912 (n.
1899 3833 2002 3912 48)
2032 3834 2370 3910 probabilis
2407 3834 2548 3892 visa
2562 3839 2677 3906 est,
2696 3837 2763 3892 et
2789 3827 2939 3890 mihi
2971 3838 3070 3891 est

1791 3915 2013 3974 verior.
2045 3914 2206 3972 Nam
2250 3916 2305 3972 si
2346 3934 2486 3972 611111
2517 3914 2832 3972 sententia
2862 3914 3070 3972 minus

1790 3995 2094 4070 probabili
2118 3994 2268 4052 licet
2282 4000 2347 4052 et·
2362 3995 2559 4052 actori
2576 3993 2877 4052 iudicium
2890 3995 3068 4066 inire,

1790 4079 1854 4133 et
1879 4093 1980 4132 reo
2005 4095 2069 4133 se
2093 4074 2443 4146 defendere,
2476 4073 2790 4151 appellare
2847 4073 3070 4148 quidni

1788 4154 2020 4213 liceat?
2038 4155 2088 4212 Ε
2099 4161 2140 4228 t,
2165 4155 2386 4228 quidni
2410 4154 2604 4212 iudici
2622 4155 2925 4230 superiori
2943 4173 3074 4230 pro-

1790 4234 2060 4293 babilius
2103 4234 2307 4293 videri
2349 4235 2566 4311 possit,
2605 4235 2768 4308 quod
2793 4233 3073 4292 inferiori

1790 4315 1997 4373 minus
2039 4315 2358 4392 probabile
2403 4315 2607 4372 visum
2651 4313 2804 4372 est?

1872 4394 1999 4472 (38)
2043 4395 2116 4452 L.
2161 4396 2214 4468 3,
2261 4395 2328 4454 C.
2371 4395 2466 4452 De
2509 4396 2928 4472 Appellation.

1872 4473 1999 4629 539)
2045 4475 2140 4532 Ex
2186 4473 2254 4533 O.
2298 4475 2393 4549 28,
2418 4476 2511 4532 De
2543 4473 2654 4550 Off.
2675 4477 2858 4534 indie.
2881 4475 3068 4550 deley.

1791 4555 2000 4692 ἘΗ,ἐξῆ
2045 4555 2142 4612 Ex
2184 4557 2291 4613 cit.
2336 4553 2404 4614 C.
2448 4555 2543 4613 28.
2615 4555 2702 4612 Et
2744 4574 2916 4614 nemo
2961 4554 3067 4611 du·
3179 4623 3186 4631 ⁸

1670 4677 1675 4680 .
1835 4655 1854 4690 1
1962 4679 1975 4693 ·
