3584 5350
728 391 943 435 CAPUT
984 391 1056 434 ΙΙ.
1101 391 1233 434 ART
1277 392 1318 435 Ι.
1363 377 1449 434 DE
1494 391 2045 435 OBLIGATIONIBUS
2089 391 2172 434 Ex
2221 391 2494 441 ACTIBUS
2535 391 2742 436 INITIS

406 538 674 604 debitor
719 555 799 605 ex
844 538 1235 604 testamento
1280 537 1745 620 obtemperare
1790 537 2010 624 debet,
2075 541 2134 604 si
2159 539 2422 606 relicta
2481 539 2614 604 sibi
2677 555 2919 621 capere
2969 557 3077 604 ve-

409 644 490 710 lit
523 647 678 726 (13).
730 643 859 710 Sed
908 648 1195 728 uterque
1241 645 1686 730 permittitur,
1720 662 1803 710 ea
1832 663 2008 728 quae
2055 647 2256 710 dehet
2294 663 2416 727 per
2461 646 2676 710 alium
2709 644 3077 732 praestare,

408 754 540 819 nisi
590 752 715 819 aut
762 770 933 834 opus
979 753 1339 817 artificiale
1386 755 1496 838 sit,
1544 753 1666 818 aut
1712 754 2070 818 creditoris
2119 754 2391 818 intersit
2436 754 2704 847 abipso
2738 753 2884 818 fleri
2918 755 3076 834 (14).

409 859 677 926 Sufficit
722 861 957 925 autem
1005 877 1206 942 opere
1251 859 1605 939 mediocri,
1655 861 1849 938 idest,
1901 843 2266 925 communi
2303 860 2553 942 peritia
2582 860 2869 942 defungi
2917 862 3075 943 (15).

408 967 479 1031 Si
527 967 765 1032 fecerit
812 967 1149 1054 imperite,
1198 968 1361 1051 quia
1407 965 1769 1048 imperitia
1816 969 2056 1049 culpae
2100 968 2344 1050 (civili)
2377 967 2888 1032 adnumeratur
2918 969 3076 1055 (16),

408 1077 480 1164 in
530 1075 677 1140 foro
726 1073 854 1140 fori
904 1073 1255 1139 tenebitur
1298 1091 1565 1155 semper
1596 1075 1733 1156 (17)
1782 1074 1934 1156 post
1967 1075 2383 1140 sententiam
2416 1075 2702 1160 iudicis3
2734 1091 2876 1140 non
2912 1075 3076 1140 item

410 1183 484 1248 in
530 1182 677 1247 foro
726 1181 1205 1264 conscientiae,
1268 1181 1401 1246 nisi
1466 1180 1808 1263 deceperit
1853 1199 2010 1246 eum
2060 1198 2357 1264 quocum
2419 1180 2788 1266 contraxit,
2854 1165 2960 1246 'vel
3008 1199 3079 1247 se

408 1285 823 1353 nominatim
872 1286 1286 1369 obligaverit
1316 1287 1473 1367 (18).
1524 1287 1736 1352 Porro
1784 1287 2118 1369 obligatio
2164 1288 2460 1352 alicuius
2492 1288 2716 1369 operis
2754 1286 3076 1370 faciendi,

242 1417 247 1422 ·
338 1475 343 1478 Ι
406 1395 835 1477 regulariter,
888 1393 1300 1460 divisionem
1362 1411 1503 1458 non
1566 1395 1812 1476 recipit
1858 1395 2017 1477 (19),
2065 1393 2334 1479 utputa,
2381 1395 2438 1459 si
2487 1394 2642 1476 quis
2687 1393 3081 1476 promiserit

412 1503 755 1584 balneum,
820 1501 942 1566 aut
1006 1503 1288 1565 domum
1350 1501 1730 1566 facturum:
1798 1518 1934 1567 non
1999 1503 2187 1566 enim
2235 1500 2510 1567 videtur
2569 1501 2828 1586 fecisse,
2893 1503 2950 1566 si
3013 1502 3072 1565 ei
3125 1551 3140 1562 .

410 1609 758 1691 propriam
785 1610 1098 1692 formam,
1126 1625 1301 1690 quae
1326 1625 1415 1673 ex
1440 1607 2037 1674 consummatione
2062 1607 2426 1695 contingit,
2453 1627 2594 1674 non
2619 1607 2885 1674 dederit
2916 1609 3076 1692 (20):
3158 1676 3162 1684 ,

409 1717 873 1798 quamobrem,
937 1717 991 1780 si
1060 1714 1284 1779 totum
1333 1731 1503 1796 opus
1549 1716 1896 1796 praestare
1945 1715 2258 1801 nequeat,
2325 1716 2656 1780 liberatur
2709 1716 2880 1802 (21);
2941 1716 3078 1781 nisi

408 1824 764 1888 creditoris
812 1823 1103 1906 intersit,
1152 1822 1417 1904 partem
1470 1822 1637 1905 fieri,
1685 1840 1749 1886 V.
1799 1841 1880 1907 c.,
1931 1823 2241 1889 inchoari
2289 1822 2703 1888 aedificium.

543 1933 691 1995 319.
742 1931 902 1995 Sive
948 1928 1180 1995 autem
1232 1931 1305 1994 in
1366 1929 1595 1994 dando
1657 1931 1804 1994 sive
1851 1931 1925 1995 in
1974 1930 2290 1995 faciendo
2346 1931 2680 2014 obligatio
2726 1931 3077 2016 consistat,

407 2054 532 2103 suo
583 2037 884 2119 tempore
932 2037 1265 2119 praestari
1313 2036 1551 2121 debet,
1600 2037 1795 2124 idest,
1847 2053 1982 2119 quo
2029 2038 2376 2122 convenit,
2425 2036 2547 2102 aut
2609 2035 2895 2103 testator
2947 2039 3084 2104 ius-

407 2147 531 2210 sit:
581 2145 736 2211 etsi
772 2145 949 2210 nihil
1001 2145 1395 2209 huiusmodi
1445 2145 1793 2210 adiectum
1842 2143 1952 2230 sit,
1987 2145 2058 2210 in
2109 2145 2576 2211 contractibus
2619 2180 2662 2194 -
2709 2146 2885 2229 quod
2929 2146 3081 2212 sine

407 2251 521 2316 die
565 2250 861 2334 debetur,
904 2251 1257 2332 praesenti
1302 2251 1580 2316 debetur
1610 2285 1653 2299 -
1684 2252 1821 2316 nisi
1870 2251 2204 2334 obligatio
2235 2269 2315 2318 ex
2348 2269 2423 2316 re
2467 2252 2626 2333 ipsa
2670 2251 3079 2335 dilationem

408 2359 637 2441 capiat
684 2360 856 2439 (22):
910 2360 983 2424 in
1032 2357 1460 2423 testamentis
1507 2376 1712 2441 quam
1762 2360 2065 2441 primum
2114 2361 2262 2425 dari
2311 2359 2514 2425 debet
2559 2360 2720 2442 (23).
2771 2359 2903 2436 Qui
2951 2377 3078 2426 suo

411 2466 715 2548 tempore
760 2483 905 2531 rem
954 2482 1095 2531 non
1146 2465 1463 2549 praestat,
1514 2483 1783 2531 moram
1831 2466 2053 2531 facere
2099 2466 2388 2531 dicitur:
2438 2468 2556 2532 sed
2603 2468 2674 2532 et
2719 2467 2780 2532 is
2825 2467 2939 2532 cui
2971 2483 3080 2533 res

409 2573 716 2658 debetur,
780 2574 838 2637 si
899 2573 1207 2654 accipere
1268 2589 1422 2638 eam
1485 2573 1852 2655 distulerit,
1886 2563 2181 2639 'moram
2243 2573 2428 2638 facit.
2496 2575 2830 2650 Quocirca
2885 2569 3081 2640 mora

408 2682 679 2746 definiri
726 2681 983 2763 potest:
1033 2679 1412 2746 solutionis
1458 2677 1836 2764 faciendae,
1868 2684 1971 2747 vel
2015 2681 2456 2763 accipiendae
2487 2682 2741 2748 dilatio
2773 2683 2932 2765 (24).
2967 2681 3082 2747 Fit

412 2790 517 2854 vel
565 2804 653 2853 ex
700 2806 792 2874 re,
843 2791 952 2854 vel
1015 2804 1103 2854 ex
1164 2804 1474 2870 persona.
1538 2788 1645 2855 Ex
1689 2806 1784 2873 re,
1834 2806 1993 2855 cum
2039 2792 2148 2854 vel
2199 2806 2306 2855 res
2361 2790 2510 2872 ipsa
2555 2806 2822 2856 moram
2869 2790 3081 2856 conti·

410 3082 500 3140 ris
563 3081 961 3155 incommodO,
1018 3082 1263 3140 debitor
1322 3083 1502 3159 gravi
1569 3102 1687 3140 non

410 3167 614 3234 vacat,
660 3162 808 3235 quia
851 3160 1035 3219 fidem
1072 3160 1240 3219 fallit
1269 3162 1372 3234 (V.
1390 3161 1688 3242 Beusch„

410 3244 503 3301 De
554 3207 887 3307 C'ontract„
932 3242 983 3300 V
991 3242 1043 3316 I,
1086 3242 1169 3319 6).

490 3322 619 3399 (13)
663 3320 736 3379 L.
785 3308 875 3395 11,
921 3324 1014 3379 De
1058 3321 1460 3398 Leyat„111.

490 3402 619 3479 (14)
664 3401 736 3458 L.
794 3402 889 3473 31,
946 3404 1041 3459 De
1094 3404 1430 3477 solution,
1478 3400 1546 3460 C.
1592 3402 1686 3475 G,

415 3480 747 3555 123731t„
796 3482 967 3539 1239.

492 3526 620 3637 (15’)
652 3562 749 3619 Ex
792 3562 865 3619 L.
912 3562 1075 3635 18,
1037 3565 1071 3636 ,ς
1124 3564 1435 3636 Venditor;
1476 3562 1549 3620 L.
1594 3564 1687 3637 29,

412 3642 451 3719 ξ
505 3644 702 3715 Illud,
757 3643 850 3699 De
904 3644 1141 3700 creditit.
1196 3644 1408 3699 edicto,
1465 3676 1503 3687 —
1569 3642 1693 3710 Qut

411 3724 711 3795 artificem
768 3724 1087 3799 promisit,
1155 3724 1249 3779 vel
1318 3724 1504 3795 diaee’t,
1564 3742 1689 3783 non

400 3804 752 3879 perfectum
795 3821 933 3859 eum
978 3807 1303 3878 praestare
1358 3804 1545 3874 debet,
1587 3806 1691 3861 sed

408 3884 493 3939 ad
554 3882 821 3958 aliquem
894 3885 1143 3940 modum
1204 3885 1500 3958 peritum,
1564 3902 1691 3941 ‘non

1801 3083 1918 3142 lem
1963 3082 2255 3141 adhibuit
2310 3083 2409 3161 (L.
2458 3087 2508 3157 1,
2569 3082 2644 3141 Si
2695 3102 2886 3142 mens.
2929 3086 3080 3158 fale.

1801 3164 2006 3241 mod.)
2048 3163 2225 3222 Haec
2267 3164 2584 3222 sententia
2611 3162 2764 3220 mihi
2807 3161 3081 3223 difficilis

1799 3248 1898 3302 est
1943 3244 2045 3319 (V.
2077 3244 2115 3320 ξ
2145 3243 2280 3317 233,
2313 3263 2373 3301 n.
2404 3244 2526 3322 20).
2865 3255 2874 3267 ’

1882 3323 2009 3401 (19)
2053 3324 2126 3381 L.
2156 3324 2251 3397 85,
2285 3322 2324 3400 ξ
2353 3322 2656 3396 Secunda,
2685 3324 2738 3397 2,
2777 3324 2871 3381 De
2915 3326 2974 3382 V.
3014 3325 3080 3381 O.

1882 3404 2008 3480 (20)
2067 3404 2140 3461 L.
2198 3404 2291 3476 79,
2353 3405 2390 3479 ξ·
2456 3404 2792 3477 Quaedam,
2849 3406 2946 3461 Ad
3007 3406 3081 3463 L.

1803 3484 1971 3541 Falc.
2015 3482 2196 3557 Item,
2242 3484 2294 3541 si
2345 3502 2593 3561 operam
2651 3485 2940 3560 promisit
2982 3484 3080 3563 (L.

1800 3564 1854 3637 3,
1900 3564 1996 3620 De
2045 3564 2154 3640 Op.
2198 3564 2426 3641 liber.):
2470 3582 2690 3640 opezae
2721 3569 2873 3622 sunt
2916 3564 3082 3623 diur-

1802 3663 1948 3701 num
1991 3642 2258 3701 officium
2301 3643 2400 3708 (L.
2450 3645 2500 3718 1,
2547 3644 2746 3723 Eod..)

1881 3723 2010 3800 (21)
2055 3724 2127 3783 L.
2174 3724 2266 3797 15,
2315 3756 2340 3767 -
2392 3726 2545 3783 Eod.
2589 3724 2716 3781 Nec
2755 3726 2934 3797 solvi,
2974 3744 3084 3783 nec

1799 3804 2020 3878 deberi,
2087 3824 2195 3862 nec
2247 3807 2383 3880 peti
2433 3823 2556 3881 pro
2614 3810 2800 3881 parte
2852 3807 3085 3881 poterit

1801 3902 1986 3959 opera
2031 3884 2266 3961 (Ibid.)

2957 377 3075 435 263
3197 465 3203 472 .

413 3963 723 4020 indoctam
774 3964 839 4021 in
881 3963 1149 4035 artifieio
1204 3960 1302 4039 (L.
1348 3962 1441 4035 20,
1490 3962 1689 4024 Eorta·

494 4041 621 4120 (16)
680 4042 752 4100 L.
811 4043 941 4116 175,
1000 4043 1212 4099 DeR.
1253 4044 1334 4115 Ι.,·
1385 4042 1461 4100 V.
1508 4042 1687 4115 Prol.,

413 4122 451 4200 ξ
482 4122 616 4194 297,
652 4142 709 4179 n.
745 4122 835 4179 13.

493 4202 621 4279 (17)
665 4201 737 4258 L.
785 4203 876 4259 10.
923 4202 960 4279 ξ
998 4202 1233 4268 Celsus,
1277 4204 1331 4277 4,
1377 4204 1609 4261 Locati.

493 4282 621 4359 (18)
680 4282 777 4339 Ex
834 4282 907 4339 L.
964 4284 1018 4355 6,
1086 4283 1124 4356 ξ
1188 4281 1389 4342 Sicuti
1443 4286 1693 4358 medica,

411 4364 507 4419 De
544 4362 704 4437 Offla
736 4363 1021 4421 Prae-sid.
1045 4362 1317 4436 Ideoque
1341 4363 1587 4421 nonnisi
1618 4382 1693 4421 ex

412 4441 595 4517 culpa
665 4444 847 4519 gravi
920 4443 1266 4517 theologica
1339 4442 1511 4519 (Son,
1578 4442 1691 4515 IV,

417 4520 565 4595 VII,
596 4522 650 4593 2,
682 4523 746 4579 in
771 4520 895 4593 fin.;
921 4522 1115 4599 Lug-0,
1144 4522 1329 4596 VIII,
1362 4524 1456 4586 §.³32
1490 4522 1692 4597 Salm.,

418 4602 509 4673 13,
559 4604 609 4672 1,
654 4602 747 4667 27,
794 4603 902 4663 32:
962 4602 1021 4660 S.
1079 4602 1284 4677 Alph.‚

1345 4601 1471 4674 III,
1533 4604 1695 4679 555).

416 4680 684 4755 Scilicet,
720 4682 837 4740 sibi
882 4684 1193 4759 imputare
1237 4682 1438 4756 debet,
1470 4683 1577 4757 qui
1610 4689 1696 4741 ta-

1883 3964 2010 4041 (22)
2055 3965 2127 4023 L.
2171 3966 2266 4037 41,
2311 3964 2350 4041 ξ
2381 3964 2434 4038 2,
2477 3966 2574 4022 De
2617 3966 2677 4023 V.
2729 3966 2826 4041 O.,·
2867 3965 2940 4023 L.
2991 3967 3081 4040 14,

1801 4044 1895 4100 De
1925 4044 2000 4101 R.
2031 4046 2126 4119 I.;
2155 4044 2222 4103 C.
2247 4044 2348 4117 It„
2385 4044 2556 4117 1173;
2581 4043 2675 4119 Gn,
2711 4046 2882 4102 1146.
2915 4047 3081 4119 Nisi,

1801 4127 1952 4196 etc.;
1999 4145 2056 4182 v.
2100 4145 2168 4198 c.,
2227 4124 2459 4183 Romae
2503 4124 2674 4199 dari3
2731 4126 2895 4200 quod
2945 4144 3084 4183 cum

1801 4202 1877 4260 fit
1905 4205 2358 4281 expectandum
2391 4208 2490 4261 est
2532 4205 2596 4262 id
2629 4207 2920 4281 spatium,
2951 4209 3085 4264 sine

1804 4303 1923 4360 quo
1983 4288 2120 4357 fieri
2179 4304 2300 4342 non
2355 4287 2560 4361 possit
2624 4285 2722 4360 (L.
2779 4286 2874 4359 61,
2935 4286 2974 4363 ξ
3034 4289 3083 4359 1,

1805 4365 2066 4441 Lac-ati).

1886 4442 2013 4520 (23)
2058 4445 2156 4501 Ex
2203 4444 2272 4501 L.
2317 4444 2412 4519 25,
2471 4446 2510 4521 ξ
2561 4445 2747 4517 Haeo,
2793 4447 2884 4502 De
2934 4445 3088 4504 Con-

1803 4526 1916 4580 dit..
1959 4530 2013 4581 et
2056 4527 2386 4583 demonstr.
2495 4562 2500 4567 -

1888 4603 2015 4681 (24)
2060 4604 2155 4663 Ex
2201 4604 2273 4663 L.
2317 4606 2411 4681 37,
2455 4606 2764 4665 Mandaei.
