3584 5350
544 306 663 366 234
744 321 947 366 LIBER
976 323 1075 367 111.
1092 322 1375 366 -TRAc‘rx
1404 323 1476 366 11.
1506 323 1635 368 Trr.
1666 324 1757 368 IV.
1788 323 1874 366 nn
1903 320 2186 368 nunnus
2215 325 2298 368 ΕΤ
2326 322 2825 386 nns'rl'ru'rmnn,
2857 326 2997 370 me.

536 469 842 552 profiteri
876 469 1052 552 (10):
1094 470 1231 535 nisi
1264 471 1479 535 levior
1508 470 2042 544 existimationis
2076 473 2342 539 iactura
2373 473 2547 539 foret
2577 474 2735 556 (ll).
2769 475 2954 541 Num
2987 477 3202 559 igitur

538 577 783 641 debeat
831 577 903 640 id
946 577 1252 641 revelare
1300 575 1568 662 marito,
1616 595 1705 643 ne
1752 577 1811 642 is
1857 578 2024 661 quid
2071 579 2143 643 in
2185 579 2500 661 spurium
2546 580 2922 665 impendat,
2973 584 3080 648 vel
3135 563 3199 648 ei

540 681 927 765 relinquat?
974 681 1095 747 aut
1141 683 1303 770 filio,
1367 682 1445 748 ut
1490 667 1830 769 restituat,
1878 687 1988 750 vel
2043 683 2122 750 ut
2167 703 2256 751 ne
2301 685 2538 768 petat?
2584 704 2853 774 nempe,
2917 688 2972 752 si
3021 691 3198 755 nihil

540 806 771 874 grave,
820 791 966 855 sive
1001 792 1100 855 'ab
1148 791 1268 855 illo
1314 793 1522 874 (quod
1584 791 1987 874 perdifficile
2032 793 2179 876 est),
2242 793 2388 860 sive
2434 795 2524 858 ab
2571 795 2701 860 isto
2749 794 3198 862 metuendum

418 980 431 992 υ
541 898 663 964 sit:
697 916 861 964 nam
885 897 1060 964 levis
1092 899 1245 964 heic
1276 899 1812 966 existimationis
1852 901 2120 967 iactura
2149 901 2355 968 foret:
2391 903 2700 986 minime,
2733 904 2791 968 si
2824 906 3201 971 verendum

543 1004 789 1071 merito
835 1005 945 1089 sit,
994 1022 1083 1070 ne
1130 1006 1199 1069 id
1246 1005 1576 1091 prodant3
1625 1005 1747 1072 aut
1792 1008 1850 1072 si
1899 1009 2006 1072 vir
2052 1009 2293 1073 mallet
2321 1010 2657 1074 damnum
2689 1010 2856 1093 pati,
2891 1027 3098 1092 quam
3136 1013 3203 1075 id

444 1113 449 1122 '
542 1111 792 1177 rescire
840 1110 1023 1198 (12);
1070 1111 1195 1177 aut
1238 1111 1423 1176 filius
1482 1113 1693 1177 matri
1754 1113 1958 1178 fidem
2021 1129 2165 1179 non
2211 1115 2301 1178 sit
2339 1101 2730 1180 habiturus.
2795 1114 2889 1180 At
2933 1133 3097 1182 vero
3145 1118 3202 1182 si

544 1220 965 1285 adulterium
1016 1215 1165 1283 viro
1214 1220 1687 1286 consentiente
1726 1220 1936 1286 fuerit
1967 1223 2366 1304 admissum,
2415 1221 2760 1289 restitutio
2791 1223 3028 1303 cessat,
3062 1225 3208 1290 sive

546 1329 771 1409 quoad
820 1344 904 1392 ea
947 1341 1123 1409 quae
1170 1325 1461 1410 maritus
1507 1327 1582 1393 in
1628 1326 2099 1395 adulterinum
2149 1330 2508 1414 impendit,
2541 1331 2850 1413 donavit,
2878 1316 3009 1397 etc.
3036 1332 3207 1416 (13);

545 1434 691 1498 sive
738 1436 960 1516 quoad
1009 1451 1091 1498 ea
1136 1451 1311 1516 quae
1357 1435 1791 1500 adulterinus
1838 1433 2104 1518 accepit
2149 1453 2237 1501 ex
2286 1436 2665 1502 hereditate
2727 1437 2898 1522 eius,
2945 1439 3056 1503 vel
3103 1439 3206 1504 in·
3255 1513 3268 1532 Ι

548 1541 815 1626 testata,
862 1543 1057 1607 salva
1104 1541 1418 1625 legitima
1464 1542 1697 1608 debita
1744 1543 2116 1608 heredibus
2162 1544 2584 1610 necessariis.

1646 1793 1942 1860 CAPUT
1991 1795 2114 1860 ΙΠ.

1126 1943 1221 1994 nn
1268 1941 1573 1995 minans
1621 1941 1884 2005 omnus
1931 1943 2310 1996 LAEDITUR
2355 1943 2656 1999 conpos,

1188 2125 1315 2190 Seu
1348 2126 1430 2189 de
1462 2125 1856 2210 homicidiO,
1889 2121 2220 2211 feticidio,
2253 2127 2313 2191 et
2344 2127 2587 2192 duella

626 2311 629 2314 -
687 2267 836 2333 282.
890 2268 1150 2350 Corpus
1198 2267 1515 2353 laeditur,
1564 2285 1719 2333 cum
1770 2269 2034 2350 primis,
2080 2269 2502 2354 verberibus,
2535 2268 2974 2339 mutilatione
3010 2287 3214 2336 mem-

550 2377 862 2460 brorum,
910 2373 979 2439 et
1025 2375 1434 2440 homicidio:
1498 2377 1583 2440 de
1632 2375 1769 2441 illis
1833 2375 1901 2439 et
1949 2375 2082 2440 ista
2141 2375 2466 2458 expedita
2525 2385 2636 2442 res
2681 2379 2814 2442 est:
2875 2395 3086 2460 quare
3131 2379 3215 2444 de

556 2482 932 2548 homicidio
994 2471 1218 2546 solum
1283 2483 1415 2547 hic.
1478 2481 1951 2547 Homicidium
2024 2483 2191 2565 quid
2260 2481 2369 2566 sit,
2433 2483 2604 2548 alias
2653 2483 2801 2548 dixi
2849 2483 2957 2564 (V.
3006 2483 3211 2568 Prol.‚

552 2591 587 2672 ἓ
635 2589 827 2676 421),
878 2589 1029 2654 heic
1075 2589 1455 2675 videamuS,
1504 2607 1594 2654 an
1642 2588 1850 2654 liceat
1895 2607 2200 2671 unquam
2251 2589 2604 2654 hominem
2639 2591 2963 2656 occidere.
2998 2592 3088 2656 Et
3119 2593 3217 2656 in-

507 2736 513 2743 ·
555 2698 811 2782 tererit,
862 2698 1095 2761 utrum
1146 2698 1275 2763 hoc
1324 2695 1463 2783 fiat,
1524 2697 1591 2761 1⁰
1637 2696 1707 2761 et
1751 2696 2025 2763 actione
2085 2695 2155 2761 et
2213 2697 2599 2763 intentione
2660 2698 2958 2783 directa3
3005 2717 3097 2763 an
3147 2696 3218 2763 2⁰

552 2804 824 2870 actione
886 2805 1163 2885 quidem
1236 2804 1517 2895 directa,
1586 2805 1703 2869 sed
1774 2802 2162 2869 intentione
2232 2803 2602 2890 indirecta3
2671 2822 2763 2871 an
2828 2802 2897 2869 3⁰
2942 2804 3212 2872 actione

554 2927 824 2993 quoque
870 2910 1227 2976 indirecta.
1277 2911 1490 2976 Porro
1536 2910 1802 2976 directa
1860 2913 2134 2977 actione
2187 2913 2538 2977 hominem
2588 2912 2915 2996 occidere,
2964 2913 3088 2997 est,
3137 2931 3220 2979 ea

555 3016 827 3082 actione
874 3018 1071 3082 illum
1120 3034 1425 3100 enecare,
1496 3024 1679 3099 quae·
1732 3016 1976 3099 suapte
2037 3018 2290 3084 natura
2347 3021 2436 3085 ad
2499 3017 2718 3085 vitam
2778 3021 3218 3085 adimendam

558 3124 888 3211 pertinet3
937 3126 1321 3190 intentione
1381 3125 1661 3209 directa,
1710 3125 1835 3210 est,
1883 3142 2040 3189 eum
2093 3128 2401 3192 occidere
2449 3126 2634 3192 vitae
2680 3127 2743 3192 ei
2787 3129 3220 3214 adimendae,

557 3247 697 3296 non
747 3249 886 3313 qua
931 3232 1071 3297 alia
1116 3248 1344 3297 causa.
1392 3233 1500 3317 Et,
1549 3233 1759 3314 priori
1810 3235 2034 3316 mod0,
2082 3249 2441 3315 nunquam
2506 3234 2683 3318 licet,
2746 3234 2910 3317 quia
2970 3235 3223 3301 natura

558 3340 821 3403 malum
870 3339 972 3403 est
989 3354 1006 3419 3
1057 3340 1363 3422 adeoque
1410 3338 1534 3404 etsi
1588 3340 2131 3405 modicissimum
2193 3342 2498 3422 spatium
2558 3342 2745 3407 vitae
2791 3342 2851 3407 ei
2902 3342 3222 3427 supersit,

558 3445 628 3508 et
676 3442 833 3509 licet
865 3446 939 3510 id
969 3444 1091 3511 fiat
1120 3444 1441 3511 aeternae
1474 3445 1691 3527 ipsius
1722 3446 1966 3511 salutis
2007 3446 2234 3528 gratia
2282 3446 2415 3530 (l):
2466 3446 2703 3533 altem,
2736 3447 2895 3513 licet
2927 3448 3221 3534 tantum,

557 3569 647 3616 ex
692 3553 1080 3617 necessaria
1125 3568 1242 3617 seu
1293 3544 1618 3634 publicae'
1670 3570 1793 3619 seu
1855 3553 2166 3635 privatae
2227 3554 2648 3619 defensionis
2711 3572 2920 3619 causa
2969 3555 3101 3638 (2):
3153 3555 3225 3621 at

558 3660 918 3741 posteriori
968 3660 1153 3740 (cum
1202 3662 1331 3725 hoc
1382 3660 1473 3725 sit
1522 3660 1813 3725 mortem
1878 3660 2294 3747 permittere,
2359 3663 2582 3743 magis
2645 3678 2850 3745 quam
2918 3661 3223 3746 inferre),

559 3766 742 3845 licet,
790 3783 878 3831 ex
925 3767 1169 3849 quavis
1216 3784 1425 3833 causa
1455 3768 1870 3850 gravissima
1901 3770 2014 3849 (3).
2051 3769 2304 3833 Omnia
2349 3770 2676 3850 expedita
2721 3768 2905 3852 sunt,
2957 3768 3227 3849 praeter

644 3925 771 4003 (10)
815 3923 881 3983 C.
927 3924 980 3998 9,
1026 3926 1120 3982 De
1162 3926 1405 3984 Poem't.
1451 3925 1593 3983 Nisi
1638 3925 1840 3993 famae
1949 3946 2049 3985 no.
2095 3924 2400 3998 Quocirca
2445 3925 2622 3985 nefas
2666 3931 2780 4000 est,
2819 3947 2878 3985 v.
2909 3946 2978 4002 c.,
3030 3926 3228 3985 insan-

564 4004 845 4082 perditae
890 4006 991 4078 sit,
1037 4008 1151 4063 aut
1192 4005 1556 4064 muliercula
1586 4026 1841 4083 prorsus
1952 4014 2076 4064 tem
2120 4008 2394 4083 proxime
2437 4009 2806 4064 moriturum
2870 4007 2932 4063 in
2999 4004 3226 4065 flumen

564 4087 807 4143 abiecta
852 4084 937 4159 (S.
984 4085 1189 4161 Alph.,
1236 4085 1362 4159 III,
1409 4086 1571 4163 653).
1951 4087 2250 4163 proiicere
2315 4086 2400 4163 (S.
2466 4086 2671 4163 Alph.,
2729 4088 2769 4143 l.
2827 4086 2920 4163 6.),
2967 4086 3067 4145 vel
3111 4106 3227 4145 ma-

645 4166 773 4244 (11)
818 4165 1013 4241 LugO,
1059 4164 1254 4240 XIII,
1300 4168 1409 4239 583
1475 4166 1678 4241 Salm.,
1748 4166 1838 4238 13,
1955 4174 2112 4225 trem
2155 4169 2290 4224 eius
2334 4168 2608 4243 proxime
2657 4167 3021 4224 morit-uram
3078 4168 3229 4225 occi·

564 4247 619 4320 3,
665 4244 760 4303 38.
1953 4247 2097 4305 dere
2143 4247 2244 4308 (D.
2275 4247 2407 4321 Th„
2437 4248 2492 4320 3,
2524 4246 2618 4320 68,
2654 4249 2722 4304 11
2759 4245 2838 4305 ad
2867 4246 2948 4325 3),
2981 4246 3061 4304 ad
3089 4266 3228 4304 eum

646 4325 773 4402 (12)
819 4324 897 4383 V.
941 4324 1000 4383 S.
1044 4324 1250 4401 Alph.,
1296 4326 1422 4401 III,
1460 4326 1595 4400 653,
1629 4347 1686 4385 v.
1722 4326 1842 4385 Sed
1953 4327 2414 4403 baptizandum.

565 4409 746 4465 dicae.
2033 4408 2120 4485 (⁶2)
2165 4406 2232 4465 O.
2281 4406 2370 4481 18,
2415 4408 2510 4464 De
2552 4409 2801 4483 homicv·
2843 4406 2921 4465 V.
2979 4406 3054 4464 D.
3092 4406 3224 4479 Th„

648 4486 775 4564 (13)
820 4485 915 4543 Ex
964 4485 1167 4559 Salm.,
1237 4487 1326 4559 13,
1392 4488 1447 4558 3,
1512 4488 1605 4544 26.
1676 4485 1840 4558 Quia
1952 4488 2005 4560 2,
2051 4488 2104 4559 2,
2151 4488 2246 4559 64,
2293 4487 2347 4543 2.

566 4566 687 4623 etsi
760 4566 1148 4624 matrimonio
1217 4564 1331 4624 fiat
1392 4567 1641 4640 iniuria,
1706 4569 1842 4625 viro
2034 4568 2120 4643 (3)
2167 4568 2242 4626 V.
2299 4568 2495 4643 LugO,
2556 4568 2637 4641 X,
2703 4568 2797 4642 53,
2835 4568 2965 4641 ‚543
3025 4565 3228 4641 Salm.,

568 4666 688 4703 non
733 4644 824 4703 fit.
1957 4648 2046 4717 13,
2092 4649 2146 4721 2,
2191 4648 2284 4723 33,
2331 4651 2448 4706 etc.
2491 4648 2658 4706 Hinc
2700 4646 2867 4721 licet,
2899 4667 2958 4706 v.
2990 4667 3059 4721 c.‚
3090 4666 3232 4723 pue·

651 4725 738 4805 (1)
786 4726 858 4783 V.
902 4726 961 4784 S.
992 4726 1197 4805 Alph.,
1230 4726 1342 4803 VI,
1379 4728 1510 4802 106,
1543 4748 1599 4787 v.
1640 4728 1846 4788 Omni—
1953 4748 2092 4785 rum
2135 4729 2271 4786 vita
2313 4727 2780 4804 periclitantem
2809 4728 3129 4805 baptizare
3149 4726 3232 4785 al-
