3584 5350
515 311 594 370 44
677 325 874 370 LIBER
919 326 959 370 Ι.
985 344 1020 356 -
1041 326 1274 370 TRAGT.
1318 327 1389 371 11.
1433 327 1519 370 DE
1562 327 1860 372 vm'rUTE
1902 326 2278 371 RELIGIONIS
2318 325 2403 369 m*
2444 323 2653 368 VITIIS
2693 323 3025 368 OPPOSITIS

515 472 638 540 aut
682 476 913 558 verb0,
962 473 1548 562 praeternaturale
1593 493 1740 541 esse
1787 475 2097 560 videtur3
2144 491 2308 540 nam
2355 473 2616 540 novum
2663 474 2786 558 est,
2854 473 2924 538 et
2964 457 3185 556 iisque

517 581 590 645 in
638 583 766 648 hoc
810 583 1160 648 saeculum
1208 582 1602 648 inauditum
1649 581 1856 665 atque
1902 583 2054 648 ideo
2105 580 2447 663 illicitum,
2496 582 2553 646 si
2602 581 2767 664 quid
2815 577 3183 663 opinor(*).

650 691 753 754 54.
803 689 1062 756 Verum
1109 689 1452 754 diabolica
1495 688 1780 756 omnino
1826 705 1911 754 ea
1955 691 2137 773 sunt,
2216 705 2391 770 quae
2438 689 2523 752 ad
2572 689 2827 752 claram
2878 686 3187 754 intuitio-

514 811 674 862 nem
720 795 1110 877 pertinent:
1159 812 1427 878 nempe,
1496 813 1586 860 ex
1631 795 2155 880 psychologicis,
2209 800 2274 860 1⁰
2342 810 2436 864 ea,
2490 793 2725 859 omnia
2793 811 2968 876 quac
3036 795 3187 864 arii

513 901 826 968 notoriae
871 903 1185 985 proxime
1231 904 1571 968 accedunt
1617 902 1678 984 (ἓ
1710 904 1845 986 37);
1893 903 2017 988 uti,
2066 919 2223 966 eum
2272 903 2498 983 legere
2529 902 2646 983 qui
2679 901 2913 968 literas
2945 903 3183 986 nescit,

511 1011 618 1075 vel
668 1011 985 1094 linguam
1033 1007 1312 1092 ignorat
1356 1027 1494 1090 qua
1539 1008 1875 1092 scriptum
1922 1009 2066 1092 est3
2117 1010 2201 1073 de
2246 1009 2356 1072 his
2402 1009 2731 1073 disserere
2776 1025 2951 1091 quae
3012 1026 3185 1075 nun·

511 1133 718 1199 quam
767 1116 1030 1199 didicit,
1078 1134 1158 1182 ac
1204 1117 1606 1198 praesertim
1653 1117 1736 1180 de
1779 1116 1935 1196 ipsa
1985 1115 2317 1197 reliyione
2388 1131 2728 1182 sermones
2792 1114 3186 1201 instituere;

513 1222 582 1289 2⁰
630 1241 806 1307 quae
851 1223 1166 1307 proxime
1211 1223 1550 1290 accedunt
1596 1221 2030 1288 divinationi
2074 1222 2135 1304 (ἓ
2161 1223 2292 1307 30);
2368 1220 2439 1287 et
2486 1223 2558 1286 in
2606 1222 2847 1304 primis
2893 1222 3187 1304 deteqere

512 1348 636 1396 seu
686 1331 1074 1414 praeterita,
1145 1331 1202 1394 si
1271 1331 1463 1413 prius
1532 1330 1652 1394 illa
1722 1329 2163 1413 ignoraverat
2208 1329 2513 1415 (iqnota),
2582 1346 2703 1396 seu
2772 1327 3185 1414 praesentia,

513 1438 660 1504 sive
706 1455 882 1520 quae
925 1438 1162 1503 animo
1209 1436 1279 1502 et
1325 1437 1745 1520 cogitatione
1810 1436 2028 1501 latent
2086 1435 2420 1522 (occulta),
2481 1437 2629 1522 sive
2695 1453 2871 1518 quae
2939 1436 3014 1502 in
3081 1453 3183 1501 re-

512 1542 718 1610 motis
765 1545 1072 1626 aguntur
1120 1543 1406 1625 (remota
1452 1559 1534 1608 ac
1579 1542 2023 1624 lonqinqua),
2073 1559 2190 1608 seu
2241 1543 2460 1607 libera
2502 1560 2585 1609 ea
2629 1543 2789 1627 sint,
2858 1533 2976 1608 seu
3027 1560 3185 1610 con-

513 1648 903 1734 tingentia3
950 1649 1019 1714 et
1065 1648 1336 1715 caetera
1384 1649 1879 1732 phoenomena,
1929 1649 2492 1734 quaepropriam
2543 1666 2623 1714 ac
2654 1648 3180 1714 determinatam

509 1773 788 1823 causam
837 1774 978 1822 non
1027 1755 1320 1842 habent,
1369 1772 1543 1838 quae
1590 1757 1891 1840 demum,
1942 1756 2102 1836 licet
2150 1755 2330 1820 inter
2373 1771 2445 1820 se
2492 1756 2879 1838 pugnantia
2923 1773 3011 1821 ex
3080 1774 3183 1822 ea·

630 2157 716 2235 (⁴³¹)
760 2154 947 2230 Quin,
992 2177 1131 2216 cum
1175 2156 1334 2214 nihil
1377 2163 1684 2233 repugnet
1728 2156 1792 2213 in
1825 2156 2001 2213 nobis
2044 2153 2305 2212 fluidum
2348 2157 2570 2232 inesse,
2602 2174 2712 2214 seu
2741 2157 3177 2235 magneticum,

507 2256 617 2296 seu
661 2238 973 2311 bioticum,
1019 2257 1126 2296 seu
1170 2257 1291 2312 quo
1333 2236 1454 2294 alio
1496 2236 1740 2295 nomine
1785 2240 2045 2294 vocetur
2068 2235 2173 2313 (1),
2232 2235 2381 2294 licet
2436 2236 2617 2294 hodie
2680 2236 2860 2315 longe
2924 2255 3181 2295 commu-

507 2318 652 2376 nius
693 2317 1109 2394 repudiatum,
1153 2315 1308 2376 illud
1355 2335 1596 2392 quoque
1639 2315 2014 2389 admiserim,
2059 2335 2135 2374 ex
2178 2323 2247 2374 eo'
2290 2317 2357 2374 in
2400 2317 2576 2375 nobis
2618 2318 2909 2391 immisse,
2955 2317 3053 2376 vel
3084 2337 3181 2375 ex-

511 2398 724 2474 citat0,
768 2397 996 2456 nedum
1040 2415 1318 2456 somnum
1359 2396 1739 2475 regulariter
1780 2395 2029 2471 prodire
2071 2415 2249 2472 posse
2274 2397 2380 2474 (2),
2427 2397 2535 2454 sed
2578 2416 2651 2456 ea
2706 2417 2948 2472 quoque
3004 2397 3182 2474 phoe—

509 2497 769 2537 nomena
811 2477 962 2555 (nisi
1005 2477 1156 2552 quid
1200 2477 1450 2556 obstet),
1495 2495 1653 2552 quae
1695 2475 1855 2534 alias
1899 2475 2277 2534 naturaliter
2320 2476 2631 2553 prodeunt
2680 2477 2755 2553 (e.
2800 2497 2877 2555 g.,
2923 2478 2988 2536 vi
3030 2497 3182 2535 mor-

506 2559 721 2616 borum
765 2562 879 2616 aut
919 2557 1532 2635 medicamentorum)
1574 2558 1640 2614 in
1684 2555 2225 2615 somnambulismo
2268 2555 2563 2630 naturali,
2609 2559 2671 2616 in
2716 2557 3040 2630 ebrietate,
3113 2558 3177 2615 in

507 2639 798 2714 amentia,
823 2643 982 2712 etc.;
1026 2643 1274 2715 utputa,
1319 2637 1654 2715 paralysis,
1700 2638 2019 2711 attractiO,
2065 2637 2537 2709 communicatio
2594 2635 2993 2697 affectionum
3055 2657 3182 2697 cor-

549 2719 692 2794 oris,
726 2738 1020 2778 sensuum
1045 2720 1453 2797 transpositio
1477 2718 1584 2796 (3).
1649 2716 1911 2775 Demum
1976 2717 2077 2795 (ut
2137 2737 2275 2775 cum
2338 2717 2821 2795 magnetophilis
2884 2738 3180 2795 perquam

504 2740 930 2859 liberalissimi
973 2798 1210 2877 simus),
1283 2800 1482 2875 ipsam
1525 2816 1768 2873 quoque
1811 2798 1903 2856 eis
1944 2797 2273 2856 concedam
2318 2797 2804 2875 (antiquioribus
2866 2798 3179 2875 plerisque

505 2881 750 2941 omnino
793 2880 1160 2957 imperviam
1222 2883 1289 2937 et
1330 2898 1366 2937 a
1408 2878 1861 2937 recentioribus
1924 2896 2111 2955 prope
2174 2878 2459 2937 omnibus
2521 2878 2815 2957 derisam)
2878 2879 3179 2937 visionem

507 2959 611 3019 vel
651 2960 788 3019 sine
830 2978 942 3037 ope
985 2959 1298 3018 oculorum
1336 2958 1446 3036 (4),
1491 2957 1591 3017 vel
1637 2976 1748 3035 per
1790 2976 1981 3035 opaca
2024 2976 2345 3035 corporum
2386 2960 2721 3017 interiecta
2744 2958 2831 3037 (5)
2856 2977 2871 3031 ;
2901 2959 3082 3017 immo
3112 2964 3179 3017 et

507 3058 714 3099 rerum
758 3039 974 3117 procul
1014 3040 1360 3117 positarum
1383 3038 1508 3117 (6);
1553 3037 1700 3096 dum
1743 3058 1821 3096 ne
1864 3038 1979 3096 hae
2024 3039 2175 3097 adeo
2218 3058 2254 3097 a
2296 3040 2557 3097 crisiaco
2601 3044 2870 3097 remotae
2916 3038 3061 3113 sint,
3106 3043 3180 3096 ut

507 3138 622 3179 nec
665 3120 866 3197 ipsius
909 3120 1115 3177 anima
1158 3120 1224 3177 in
1267 3139 1390 3194 eas,
1455 3138 1568 3177 nec
1611 3118 1756 3177 illae
1800 3118 1865 3175 in
1909 3119 2175 3176 animam
2218 3120 2419 3195 ipsius
2462 3138 2646 3197 agere
2689 3120 2971 3196 possint:
3036 3139 3179 3177 nam

507 3219 668 3275 quae
713 3199 866 3258 adeo
907 3199 1248 3281 longinqua
1291 3219 1364 3259 ac
1407 3204 1642 3259 remota
1685 3204 1861 3271 sunt,
1897 3196 2101 3275 palam
2144 3203 2259 3273 est,
2304 3198 2683 3258 naturaliter
2725 3200 2959 3277 attingi
2990 3200 3180 3259 sensi-

505 3278 625 3341 bus
667 3300 790 3339 non
833 3298 1012 3357 posse
1037 3280 1143 3357 (7).

609 3520 669 3570 (1)
699 3518 758 3561 V.
817 3518 1024 3561 Henric.
1081 3518 1304 3571 himin„
1352 3518 1551 3569 Filoaof.
1609 3518 1779 3571 Spirit.
1893 3516 2027 3568 Quid
2054 3518 2190 3571 quod
2223 3519 2374 3561 Zauri
2404 3518 2495 3568 (sic
2524 3524 2711 3561 vocant
2742 3518 2977 3571 Hispani)
3024 3530 3179 3562 venas

503 3572 632 3615 della
660 3574 868 3614 Natura.
901 3571 1070 3625 Parigi
1103 3572 1221 3623 1849,
1251 3584 1299 3625 p.
1328 3572 1424 3614 205.
1822 3596 1828 3602 -
1892 3584 2159 3625 aquarum,
2190 3576 2242 3614 et
2270 3572 2467 3617 metalli
2498 3572 2699 3615 fodinas
2746 3572 2839 3614 sub
2883 3571 3035 3613 terris
3076 3586 3179 3614 oer-

609 3626 669 3676 (2)
699 3626 757 3667 V.
793 3626 891 3669 C't'v.
927 3627 1064 3676 cata,
1087 3626 1191 3667 Ser.
1223 3626 1262 3677 Ι,
1285 3624 1384 3667 vol.
1404 3626 1446 3677 8,
1467 3638 1515 3677 p.
1545 3625 1640 3667 410.
1663 3624 1781 3667 Dixi
1892 3637 2012 3677 nere
2040 3624 2284 3667 dicuntur
2315 3626 2523 3677 (Goaria,
2572 3630 2609 3667 t.
2638 3627 2680 3677 8,
2709 3638 2758 3678 p.
2802 3626 2888 3677 78),
2916 3638 3177 3679 unumque

501 3679 819 3733 regulariter,
849 3690 972 3721 nam
999 3690 1148 3732 sopor
1189 3677 1280 3731 qui
1325 3677 1628 3719 immittitur
1673 3678 1781 3720 solo
1894 3691 1953 3719 ex
1982 3677 2063 3721 his
2090 3691 2143 3721 se
2184 3678 2373 3721 vidisse
2414 3679 2628 3730 Mati-iti,
2678 3692 2761 3721 an.
2808 3678 2911 3720 1575
2958 3682 3179 3721 testatur

501 3733 735 3775 internae
761 3731 1045 3774 voluntatis
1073 3736 1211 3783 actu,
1255 3732 1552 3785 praesertim
1597 3731 1652 3773 in
1699 3732 1782 3773 ab·
1892 3732 2136 3773 Deli-ius?
2164 3732 2449 3775 Lebrunius
2487 3746 2689 3785 quoque
2710 3730 2912 3785 scripti·
2942 3732 3175 3785 tradidit,

503 3789 686 3839 sentes,
717 3786 970 3829 naturalis
999 3786 1088 3838 qui
1135 3788 1304 3839 potest
1347 3786 1490 3827 esee?
1527 3784 1778 3838 Ceterum,
1892 3785 2250 3827 mulierculam
2305 3785 2596 3839 quamdam,
2646 3784 2915 3828 hominum
2962 3785 3174 3839 viscera,

501 3838 752 3881 immissio
795 3838 974 3881 'somni
1063 3852 1118 3881 er
1147 3851 1394 3881 manuum
1425 3838 1780 3881 contrectatio·
1894 3842 1944 3879 et
1972 3851 2103 3891 quae
2147 3838 2203 3880 in
2250 3838 2329 3881 his
2372 3840 2671 3893 agebantur,
2716 3838 2923 3881 solitam
2964 3838 3175 3881 intueri.

501 3906 635 3943 nem,
685 3890 980 3945 superstitio
1049 3892 1129 3935 uit
1173 3891 1392 3934 ethnicis
1433 3892 1571 3935 haud
1604 3890 1781 3945 ignota
1892 3890 2096 3935 Similia
2122 3892 2280 3934 refert
2307 3892 2369 3934 de
2408 3893 2551 3945 viris,
2597 3892 2725 3934 alias
2768 3892 2931 3934 doctis
2976 3896 3026 3947 et
3068 3906 3177 3945 pro-

501 3946 578 3996 (V.
609 3946 776 3988 Plaut.
805 3945 862 3987 in
891 3946 1150 3997 Amphitr„
1185 3948 1298 3987 Aet.
1333 3948 1388 3994 1).
1893 3944 1984 3996 bis,
2019 3946 2149 3988 'Vera
2178 3947 2312 3989 Crux
2341 3945 2467 3995 (Lib.
2498 3947 2540 4000 2,
2590 3948 2659 3987 Dc
2688 3946 2850 3987 Am'm.
2882 3944 3099 4009 Sper-2117
3132 3947 3175 3989 2.

607 4000 744 4048 (3)·8.
777 3999 924 4053 Aug.¹
971 4000 1042 4041 De
1091 4001 1248 4043 s'ivit..
1294 3998 1426 4049 XIV,
1476 3999 1558 4049 24;
1603 3998 1780 4041 Turre·
1893 3998 1949 4041 V.
1970 3998 2206 4051 Guillois,
2224 4000 2323 4041 vol.
2344 4001 2446 4053 1,p.
2462 4002 2531 4053 93,
2549 4001 2700 4041 Prato
2719 4000 2855 4046 1865).
2876 3999 3176 4051 Atqneideo

500 4052 703 4103 blanch,
737 4052 976 4105 Epitom.,
1009 4055 1079 4095 De
1109 4054 1285 4105 ηι-(ιῃίιι,
1317 4052 1425 4094 Lib.
1468 4052 1539 4104 22,
1587 4064 1694 4105 cap.
1740 4052 1778 4093 1.
1892 4064 1985 4093 nee
2014 4064 2097 4095 eos
2126 4052 2368 4095 damnare
2397 4054 2577 4106 ausim,
2610 4052 2697 4105 qui
2726 4054 2948 4095 utuntur
2978 4060 3177 4107 magne-

501 4108 646 4158 Sane,
677 4104 966 4169 paralysim,
1005 4119 1112 4148 rem
1157 4106 1446 4149 naturalem
1488 4118 1610 4157 esse,
1653 4105 1782 4147 mul·
1892 4105 2045 4147 tiemo
2074 4106 2138 4149 ad
2166 4108 2369 4149 morbos
2416 4106 2601 4159 quibus
2630 4106 2746 4158 quis
2776 4105 2994 4149 interius
3040 4106 3177 4149 labo-

500 4162 569 4211 ta,
603 4160 688 4201 sed
723 4159 776 4201 in
814 4159 994 4212 primis
1037 4158 1207 4213 piscis,
1251 4172 1402 4211 quem
1447 4157 1638 4201 idcireo
1681 4161 1782 4201 tor-
1891 4162 1987 4211 rat,
2021 4139 2462 4223 introspiciendos.
2508 4160 2713 4212 Verum,
2754 4159 2877 4202 lic-et
2925 4172 3177 4202 somnam·

499 4212 746 4265 pedinem.
765 4216 980 4262 voeant;
1011 4214 1364 4265 attractionem,
1395 4224 1631 4266 magnes;
1663 4224 1781 4255 com·
1892 4212 2043 4255 bulus
2070 4216 2233 4265 possit
2276 4214 2473 4256 viscera.
2516 4217 2693 4256 nostra
2732 4211 3079 4266 introspicere,
3125 4217 3177 4255 et

501 4268 870 4311 munic-ationem
925 4266 1231 4317 affectionum
1298 4266 1539 4317 corporis,
1611 4268 1780 4309 conta-
1890 4265 2233 4309 medicamina.
2259 4280 2491 4321 quaeque
2519 4266 2788 4321 aptissima
2830 4266 3175 4320 praescribere

498 4320 613 4415 ficu
645 4332 865 4363 sensuum
905 4318 1126 4373 denique
1169 4320 1599 4372 transpositionem..
1648 4322 1782 4363 cata»
1891 4320 2044 4370 (quod
2073 4320 2137 4361 ab
2183 4321 2403 4375 aegrotis
2448 4332 2821 4373 nonnunquam
2902 4319 3173 4363 mentitum

521 4372 652 4425 epsis
682 4372 806 4415 satis
835 4373 1069 4425 probant.
1891 4372 2041 4424 fuit);
2074 4376 2129 4415 at
2157 4372 2249 4415 illa
2276 4374 2382 4416 suis
2410 4373 2673 4417 vocabulis
2704 4372 2867 4415 deseri
2905 4384 3003 4425 ere,
3042 4386 3174 4426 quae

606 4428 665 4478 (4)
693 4425 916 4479 Scilicet,
947 4425 1131 4469 medici
1160 4426 1256 4468 ho<-
1287 4424 1342 4467 in
1379 4425 1780 4469 somnabulismo
1890 4426 1941 4467 vi
1976 4426 2110 4468 ilans
2138 4440 2202 4468 ne
2222 4428 2389 4469 audiit
2408 4428 2645 4481 qui‹lem;
2678 4429 2729 4468 et
2746 4426 2912 4469 morbi
2932 4428 3173 4470 naturam

499 4479 726 4521 naturali
757 4492 1128 4533 nonnunquam
1157 4478 1352 4521 sactum
1374 4478 1531 4521 fuisse
1549 4478 1776 4533 tradunt.
1892 4440 2179 4533 indigitare,
2212 4484 2487 4535 utrumque
2516 4480 2827 4523 diabolicum
2856 4481 2997 4533 puto.

605 4534 664 4583 (5)
693 4534 804 4575 Hoc
831 4546 1034 4587 quoque
1061 4545 1316 4575 nonnemo
1336 4531 1651 4575 existimavit
1669 4531 1779 4574 fieri
1996 4536 2056 4583 (6)
2085 4532 2300 4591 Etim-re,
2332 4548 2411 4588 ap.
2443 4534 2627 4587 Caroli,
2658 4541 2680 4581 fi
2710 4534 2815 4586 150;
2847 4532 2939 4587 qui
2967 4544 3027 4575 ex
3062 4532 3175 4597 plu·

497 4598 656 4639 posse;
709 4590 768 4628 ut
814 4600 926 4629 ecee
973 4586 1174 4629 Coelius
1221 4586 1577 4641 Rhodhiginus
1626 4587 1780 4635 (Anti-
1890 4587 2027 4628 rium
2054 4586 2367 4631 medie-orum
2394 4586 2708 4640 testimonio,
2738 4587 2791 4629 in
2842 4586 3077 4639 catalcpst
3120 4586 3175 4629 id

532 4640 634 4693 uit„
671 4639 779 4681 Lib.
819 4641 885 4693 16,
931 4640 998 4683 Ca
1039 4671 1048 4681 .
1094 4640 1153 4691 2);
1205 4639 1387 4681 Varius
1433 4642 1520 4689 (De
1569 4641 1776 4694 Fascia„
1890 4638 1999 4681 fieri
2028 4640 2203 4682 tradit.

498 4653 608 4734 zib.
641 4694 706 4745 Π,
737 4694 855 4757 Cap.
903 4694 961 4743 4).
1001 4653 1077 4735 fflt
1122 4692 1306 4735 medici
1355 4696 1627 4744 testantur,
1674 4704 1777 4735 non
1998 4692 2057 4743 ‹7›
2087 4694 2243 4743 Delr..
2274 4692 2382 4735 Lib.
2406 4694 2469 4743 Π,
2493 4693 2695 4743 Quaest.
2716 4691 2949 4746 5,1it.B.;
2971 4693 3172 4747 Sanoh„

497 4758 612 4789 raro
640 4746 696 4789 id
721 4746 947 4790 incidere
975 4746 1030 4790 in
1049 4746 1296 4803 catalepsi
1315 4747 1391 4798 (V.
1413 4746 1600 4816 Caroli,
1620 4754 1642 4795 fl
1661 4747 1776 4797 550).
1809 4813 1818 4823 .
1890 4748 1969 4801 D.,
2000 4747 2068 4800 Π,
2097 4748 2164 4800 40,
2194 4744 2275 4803 4s;
2307 4747 2367 4791 V.
2395 4748 2455 4790 D.
2486 4746 2597 4801 Th„
2630 4748 2668 4800 1,
2696 4748 2767 4800 89,
2796 4746 2837 4789 7.

3528 2835 3551 2970 -R-‘n-—n
3539 2781 3555 2826 -ι
