<?xml version="1.0" encoding="UTF-8"?>
<!DOCTYPE html PUBLIC "-//W3C//DTD XHTML 1.0 Transitional//EN"
    "http://www.w3.org/TR/xhtml1/DTD/xhtml1-transitional.dtd">
<html xmlns="http://www.w3.org/1999/xhtml" xml:lang="en" lang="en">
 <head>
  <title>
</title>
<meta http-equiv="Content-Type" content="text/html;charset=utf-8" />
  <meta name='ocr-system' content='tesseract 3.04.00' />
  <meta name='ocr-capabilities' content='ocr_page ocr_carea ocr_par ocr_line ocrx_word'/>
</head>
<body>
  <div class='ocr_page' id='page_1' title='image "./summulatheologi03annigoog_0453.png"; bbox 0 0 3584 5350; ppageno 0'>
   <div class='ocr_carea' id='block_1_1' title="bbox 1244 330 3022 389">
    <p class='ocr_par' dir='ltr' id='par_1_1' title="bbox 1244 330 3022 389">
     <span class='ocr_line' id='line_1_1' title="bbox 1244 330 3022 389; baseline 0 -2"><span class='ocrx_word' id='word_1_1' title='bbox 1244 344 1581 389; x_wconf 77' lang='lat' dir='ltr'>APPENDIX</span> <span class='ocrx_word' id='word_1_2' title='bbox 1624 344 1666 387; x_wconf 94' lang='lat'>1.</span> <span class='ocrx_word' id='word_1_3' title='bbox 1711 364 1747 376; x_wconf 95' lang='lat'>-</span> <span class='ocrx_word' id='word_1_4' title='bbox 1790 344 1878 387; x_wconf 75' lang='lat' dir='ltr'>DE</span> <span class='ocrx_word' id='word_1_5' title='bbox 1919 342 2153 389; x_wconf 73' lang='lat' dir='ltr'>Usmus</span> <span class='ocrx_word' id='word_1_6' title='bbox 2903 330 3022 388; x_wconf 81' lang='lat'>449</span> 
     </span>
    </p>
   </div>
   <div class='ocr_carea' id='block_1_2' title="bbox 367 491 3126 3039">
    <p class='ocr_par' dir='ltr' id='par_1_2' title="bbox 367 491 3126 3039">
     <span class='ocr_line' id='line_1_2' title="bbox 502 491 3028 578; baseline 0.002 -23"><span class='ocrx_word' id='word_1_7' title='bbox 502 493 649 556; x_wconf 83' lang='lat'>533.</span> <span class='ocrx_word' id='word_1_8' title='bbox 697 491 825 557; x_wconf 86' lang='lat' dir='ltr'>His</span> <span class='ocrx_word' id='word_1_9' title='bbox 850 492 1261 577; x_wconf 76' lang='lat' dir='ltr'>praemissiS,</span> <span class='ocrx_word' id='word_1_10' title='bbox 1282 493 1590 575; x_wconf 77' lang='lat' dir='ltr'><strong>quaestio</strong></span> <span class='ocrx_word' id='word_1_11' title='bbox 1614 494 1814 558; x_wconf 85' lang='lat' dir='ltr'>nobis</span> <span class='ocrx_word' id='word_1_12' title='bbox 1839 494 2008 559; x_wconf 88' lang='lat' dir='ltr'>haec</span> <span class='ocrx_word' id='word_1_13' title='bbox 2025 492 2135 578; x_wconf 87' lang='lat' dir='ltr'>sit,</span> <span class='ocrx_word' id='word_1_14' title='bbox 2153 492 2390 559; x_wconf 77' lang='lat' dir='ltr'>utrum</span> <span class='ocrx_word' id='word_1_15' title='bbox 2409 505 2757 578; x_wconf 76' lang='lat' dir='ltr'>CONSTET,</span> <span class='ocrx_word' id='word_1_16' title='bbox 2783 510 3028 559; x_wconf 86' lang='lat' dir='ltr'>usuras</span> 
     </span>
     <span class='ocr_line' id='line_1_3' title="bbox 367 596 3028 687; baseline 0.002 -26"><span class='ocrx_word' id='word_1_17' title='bbox 367 596 621 663; x_wconf 85' lang='lat' dir='ltr'>vetitas</span> <span class='ocrx_word' id='word_1_18' title='bbox 666 615 811 664; x_wconf 87' lang='lat' dir='ltr'>esse</span> <span class='ocrx_word' id='word_1_19' title='bbox 856 598 1007 664; x_wconf 91' lang='lat' dir='ltr'>iure</span> <span class='ocrx_word' id='word_1_20' title='bbox 1053 600 1197 665; x_wconf 87' lang='lat' dir='ltr'>sive</span> <span class='ocrx_word' id='word_1_21' title='bbox 1244 600 1547 665; x_wconf 88' lang='lat' dir='ltr'>naturali</span> <span class='ocrx_word' id='word_1_22' title='bbox 1595 600 1741 664; x_wconf 87' lang='lat' dir='ltr'>sive</span> <span class='ocrx_word' id='word_1_23' title='bbox 1787 600 2044 665; x_wconf 88' lang='lat' dir='ltr'>divino.</span> <span class='ocrx_word' id='word_1_24' title='bbox 2094 601 2184 664; x_wconf 86' lang='lat' dir='ltr'>Et</span> <span class='ocrx_word' id='word_1_25' title='bbox 2229 600 2457 682; x_wconf 86' lang='lat' dir='ltr'>quoad</span> <span class='ocrx_word' id='word_1_26' title='bbox 2507 601 2630 683; x_wconf 50' lang='lat' dir='ltr'>⁵ius</span> <span class='ocrx_word' id='word_1_27' title='bbox 2693 600 3028 687; x_wconf 82' lang='lat' dir='ltr'>naturale,</span> 
     </span>
     <span class='ocr_line' id='line_1_4' title="bbox 372 706 3126 792; baseline 0.002 -24"><span class='ocrx_word' id='word_1_28' title='bbox 372 706 499 769; x_wconf 86' lang='lat' dir='ltr'>hoc</span> <span class='ocrx_word' id='word_1_29' title='bbox 546 706 744 770; x_wconf 84' lang='lat' dir='ltr'>nulla</span> <span class='ocrx_word' id='word_1_30' title='bbox 788 706 1159 771; x_wconf 85' lang='lat' dir='ltr'>manifesta</span> <span class='ocrx_word' id='word_1_31' title='bbox 1202 706 1471 771; x_wconf 88' lang='lat' dir='ltr'>ratione</span> <span class='ocrx_word' id='word_1_32' title='bbox 1519 708 1793 789; x_wconf 88' lang='lat' dir='ltr'>probari</span> <span class='ocrx_word' id='word_1_33' title='bbox 1841 724 2036 789; x_wconf 88' lang='lat' dir='ltr'>posse</span> <span class='ocrx_word' id='word_1_34' title='bbox 2083 708 2332 773; x_wconf 77' lang='lat' dir='ltr'>docent</span> <span class='ocrx_word' id='word_1_35' title='bbox 2379 708 2510 773; x_wconf 88' lang='grc' dir='ltr'>ΤΤ.</span> <span class='ocrx_word' id='word_1_36' title='bbox 2539 708 2844 789; x_wconf 87' lang='lat' dir='ltr'>profecto</span> <span class='ocrx_word' id='word_1_37' title='bbox 2877 724 3028 790; x_wconf 89' lang='lat' dir='ltr'>gra·</span> <span class='ocrx_word' id='word_1_38' title='bbox 3122 788 3126 792; x_wconf 10' lang='grc' dir='ltr'><em>Α</em></span> 
     </span>
     <span class='ocr_line' id='line_1_5' title="bbox 369 810 3030 903; baseline 0.002 -29"><span class='ocrx_word' id='word_1_39' title='bbox 369 811 635 877; x_wconf 84' lang='lat' dir='ltr'>vissimi</span> <span class='ocrx_word' id='word_1_40' title='bbox 686 810 873 899; x_wconf 75' lang='lat'>(13),</span> <span class='ocrx_word' id='word_1_41' title='bbox 931 830 1058 878; x_wconf 88' lang='lat' dir='ltr'>nec</span> <span class='ocrx_word' id='word_1_42' title='bbox 1114 813 1317 878; x_wconf 87' lang='lat' dir='ltr'>facile</span> <span class='ocrx_word' id='word_1_43' title='bbox 1386 815 1806 879; x_wconf 89' lang='lat' dir='ltr'>credendum</span> <span class='ocrx_word' id='word_1_44' title='bbox 1875 830 2021 879; x_wconf 84' lang='lat' dir='ltr'>esse</span> <span class='ocrx_word' id='word_1_45' title='bbox 2091 815 2198 879; x_wconf 86' lang='lat' dir='ltr'>his</span> <span class='ocrx_word' id='word_1_46' title='bbox 2267 816 2385 897; x_wconf 90' lang='lat' dir='ltr'>qui</span> <span class='ocrx_word' id='word_1_47' title='bbox 2448 815 2691 880; x_wconf 86' lang='lat' dir='ltr'>contra</span> <span class='ocrx_word' id='word_1_48' title='bbox 2760 814 3030 903; x_wconf 83' lang='lat' dir='ltr'>putant,</span> 
     </span>
     <span class='ocr_line' id='line_1_6' title="bbox 370 918 3031 1007; baseline 0.002 -25"><span class='ocrx_word' id='word_1_49' title='bbox 370 920 605 983; x_wconf 87' lang='lat' dir='ltr'>monet</span> <span class='ocrx_word' id='word_1_50' title='bbox 651 918 769 983; x_wconf 90' lang='lat' dir='ltr'>ille</span> <span class='ocrx_word' id='word_1_51' title='bbox 814 919 1324 987; x_wconf 86' lang='lat' dir='ltr'>Moralistarum</span> <span class='ocrx_word' id='word_1_52' title='bbox 1371 920 1572 985; x_wconf 85' lang='lat' dir='ltr'>facile</span> <span class='ocrx_word' id='word_1_53' title='bbox 1620 922 1938 1003; x_wconf 88' lang='lat' dir='ltr'>princeps</span> <span class='ocrx_word' id='word_1_54' title='bbox 1983 920 2226 986; x_wconf 87' lang='lat' dir='ltr'>Ioann.</span> <span class='ocrx_word' id='word_1_55' title='bbox 2274 922 2376 987; x_wconf 91' lang='lat' dir='ltr'>De</span> <span class='ocrx_word' id='word_1_56' title='bbox 2408 922 2605 1004; x_wconf 85' lang='lat' dir='ltr'>Lugo</span> <span class='ocrx_word' id='word_1_57' title='bbox 2639 923 2796 1005; x_wconf 89' lang='lat'>(14).</span> <span class='ocrx_word' id='word_1_58' title='bbox 2827 922 3031 1007; x_wconf 85' lang='lat' dir='ltr'>Sane,</span> 
     </span>
     <span class='ocr_line' id='line_1_7' title="bbox 371 1024 3037 1111; baseline 0.001 -23"><span class='ocrx_word' id='word_1_59' title='bbox 371 1024 554 1106; x_wconf 91' lang='lat' dir='ltr'>quod</span> <span class='ocrx_word' id='word_1_60' title='bbox 598 1024 729 1099; x_wconf 82' lang='lat' dir='ltr'>boc</span> <span class='ocrx_word' id='word_1_61' title='bbox 775 1024 921 1090; x_wconf 91' lang='lat' dir='ltr'>iure</span> <span class='ocrx_word' id='word_1_62' title='bbox 969 1026 1191 1111; x_wconf 90' lang='lat' dir='ltr'>urget,</span> <span class='ocrx_word' id='word_1_63' title='bbox 1240 1043 1461 1090; x_wconf 88' lang='lat' dir='ltr'>unum</span> <span class='ocrx_word' id='word_1_64' title='bbox 1510 1026 1648 1111; x_wconf 74' lang='lat' dir='ltr'>est,</span> <span class='ocrx_word' id='word_1_65' title='bbox 1709 1027 2099 1091; x_wconf 91' lang='lat' dir='ltr'>dominium</span> <span class='ocrx_word' id='word_1_66' title='bbox 2162 1028 2259 1091; x_wconf 92' lang='lat' dir='ltr'>rei</span> <span class='ocrx_word' id='word_1_67' title='bbox 2326 1026 2684 1093; x_wconf 79' lang='lat' dir='ltr'>mutuatae</span> <span class='ocrx_word' id='word_1_68' title='bbox 2730 1028 2805 1093; x_wconf 91' lang='lat' dir='ltr'>in</span> <span class='ocrx_word' id='word_1_69' title='bbox 2862 1029 3037 1092; x_wconf 91' lang='lat' dir='ltr'>acci-</span> 
     </span>
     <span class='ocr_line' id='line_1_8' title="bbox 368 1125 3036 1217; baseline 0.001 -23"><span class='ocrx_word' id='word_1_70' title='bbox 368 1128 672 1211; x_wconf 86' lang='lat' dir='ltr'>pientem</span> <span class='ocrx_word' id='word_1_71' title='bbox 722 1129 1034 1217; x_wconf 86' lang='lat' dir='ltr'>transire,</span> <span class='ocrx_word' id='word_1_72' title='bbox 1082 1132 1445 1197; x_wconf 91' lang='lat' dir='ltr'>dominum</span> <span class='ocrx_word' id='word_1_73' title='bbox 1493 1133 1726 1198; x_wconf 91' lang='lat' dir='ltr'>autem</span> <span class='ocrx_word' id='word_1_74' title='bbox 1791 1135 1878 1198; x_wconf 92' lang='lat' dir='ltr'>ob</span> <span class='ocrx_word' id='word_1_75' title='bbox 1939 1134 2036 1198; x_wconf 91' lang='lat' dir='ltr'>rei</span> <span class='ocrx_word' id='word_1_76' title='bbox 2101 1150 2264 1199; x_wconf 87' lang='lat' dir='ltr'>suae</span> <span class='ocrx_word' id='word_1_77' title='bbox 2307 1125 2531 1199; x_wconf 38' lang='lat' dir='ltr'>*usum</span> <span class='ocrx_word' id='word_1_78' title='bbox 2589 1134 2862 1217; x_wconf 84' lang='lat' dir='ltr'>quidvis</span> <span class='ocrx_word' id='word_1_79' title='bbox 2912 1134 3036 1198; x_wconf 86' lang='lat' dir='ltr'>alii</span> 
     </span>
     <span class='ocr_line' id='line_1_9' title="bbox 372 1224 3036 1325; baseline 0.001 -24"><span class='ocrx_word' id='word_1_80' title='bbox 372 1238 737 1322; x_wconf 86' lang='lat' dir='ltr'>praestare,</span> <span class='ocrx_word' id='word_1_81' title='bbox 786 1237 856 1303; x_wconf 93' lang='lat' dir='ltr'>et</span> <span class='ocrx_word' id='word_1_82' title='bbox 901 1238 1221 1321; x_wconf 92' lang='lat' dir='ltr'>iniquum</span> <span class='ocrx_word' id='word_1_83' title='bbox 1269 1240 1337 1305; x_wconf 89' lang='lat' dir='ltr'>et</span> <span class='ocrx_word' id='word_1_84' title='bbox 1384 1224 1764 1306; x_wconf 83' lang='lat' dir='ltr'>absurdum</span> <span class='ocrx_word' id='word_1_85' title='bbox 1810 1258 1974 1305; x_wconf 88' lang='lat' dir='ltr'>esse.</span> <span class='ocrx_word' id='word_1_86' title='bbox 2023 1238 2133 1305; x_wconf 89' lang='lat' dir='ltr'>Ita</span> <span class='ocrx_word' id='word_1_87' title='bbox 2177 1258 2413 1323; x_wconf 89' lang='lat' dir='ltr'>porro:</span> <span class='ocrx_word' id='word_1_88' title='bbox 2449 1258 2690 1306; x_wconf 86' lang='lat' dir='ltr'>verum</span> <span class='ocrx_word' id='word_1_89' title='bbox 2725 1241 2843 1325; x_wconf 84' lang='lat' dir='ltr'>qui</span> <span class='ocrx_word' id='word_1_90' title='bbox 2891 1258 3036 1307; x_wconf 90' lang='lat' dir='ltr'>rem</span> 
     </span>
     <span class='ocr_line' id='line_1_10' title="bbox 372 1345 3038 1435; baseline 0.002 -27"><span class='ocrx_word' id='word_1_91' title='bbox 372 1345 689 1410; x_wconf 89' lang='lat' dir='ltr'>mutuam</span> <span class='ocrx_word' id='word_1_92' title='bbox 758 1345 879 1409; x_wconf 91' lang='lat' dir='ltr'>alii</span> <span class='ocrx_word' id='word_1_93' title='bbox 948 1346 1101 1432; x_wconf 88' lang='lat' dir='ltr'>dat,</span> <span class='ocrx_word' id='word_1_94' title='bbox 1174 1346 1236 1410; x_wconf 92' lang='lat' dir='ltr'>ei</span> <span class='ocrx_word' id='word_1_95' title='bbox 1300 1347 1756 1428; x_wconf 76' lang='lat' dir='ltr'>proculdubio</span> <span class='ocrx_word' id='word_1_96' title='bbox 1829 1346 2238 1412; x_wconf 88' lang='lat' dir='ltr'>beneficium</span> <span class='ocrx_word' id='word_1_97' title='bbox 2307 1348 2640 1435; x_wconf 80' lang='lat' dir='ltr'>praestat3</span> <span class='ocrx_word' id='word_1_98' title='bbox 2704 1347 3038 1413; x_wconf 85' lang='lat' dir='ltr'>beneficia</span> 
     </span>
     <span class='ocr_line' id='line_1_11' title="bbox 374 1452 3039 1539; baseline 0.002 -24"><span class='ocrx_word' id='word_1_99' title='bbox 374 1453 753 1517; x_wconf 78' lang='lat' dir='ltr'>mercedem</span> <span class='ocrx_word' id='word_1_100' title='bbox 809 1452 1113 1535; x_wconf 88' lang='lat' dir='ltr'>recipere</span> <span class='ocrx_word' id='word_1_101' title='bbox 1164 1454 1470 1519; x_wconf 89' lang='lat' dir='ltr'>naturali</span> <span class='ocrx_word' id='word_1_102' title='bbox 1501 1455 1653 1519; x_wconf 89' lang='lat' dir='ltr'>iure</span> <span class='ocrx_word' id='word_1_103' title='bbox 1677 1472 1873 1536; x_wconf 88' lang='lat' dir='ltr'>posse</span> <span class='ocrx_word' id='word_1_104' title='bbox 1899 1454 1960 1537; x_wconf 69' lang='grc' dir='ltr'>(ξ</span> <span class='ocrx_word' id='word_1_105' title='bbox 1993 1457 2144 1539; x_wconf 83' lang='grc'>439,</span> <span class='ocrx_word' id='word_1_106' title='bbox 2177 1473 2246 1520; x_wconf 86' lang='grc'>11.</span> <span class='ocrx_word' id='word_1_107' title='bbox 2282 1456 2348 1536; x_wconf 84' lang='grc'>2)</span> <span class='ocrx_word' id='word_1_108' title='bbox 2397 1456 2549 1538; x_wconf 89' lang='lat' dir='ltr'>quis</span> <span class='ocrx_word' id='word_1_109' title='bbox 2597 1456 2802 1538; x_wconf 91' lang='lat' dir='ltr'>neget</span> <span class='ocrx_word' id='word_1_110' title='bbox 2849 1456 3039 1537; x_wconf 79' lang='lat'>(15)?</span> 
     </span>
     <span class='ocr_line' id='line_1_12' title="bbox 375 1558 3037 1651; baseline 0.002 -28"><span class='ocrx_word' id='word_1_111' title='bbox 375 1558 614 1633; x_wconf 85' lang='lat' dir='ltr'>Quoad</span> <span class='ocrx_word' id='word_1_112' title='bbox 661 1560 771 1624; x_wconf 91' lang='lat' dir='ltr'>ius</span> <span class='ocrx_word' id='word_1_113' title='bbox 817 1558 1156 1651; x_wconf 84' lang='lat' dir='ltr'>divinum,</span> <span class='ocrx_word' id='word_1_114' title='bbox 1206 1562 1460 1645; x_wconf 87' lang='lat' dir='ltr'>urgent</span> <span class='ocrx_word' id='word_1_115' title='bbox 1505 1562 1581 1626; x_wconf 93' lang='lat' dir='ltr'>in</span> <span class='ocrx_word' id='word_1_116' title='bbox 1629 1563 1705 1627; x_wconf 90' lang='grc' dir='ltr'>Τ.</span> <span class='ocrx_word' id='word_1_117' title='bbox 1746 1562 1819 1625; x_wconf 88' lang='lat' dir='ltr'>V.</span> <span class='ocrx_word' id='word_1_118' title='bbox 1855 1562 2088 1647; x_wconf 63' lang='lat' dir='ltr'>Exod„</span> <span class='ocrx_word' id='word_1_119' title='bbox 2123 1563 2343 1649; x_wconf 87' lang='lat' dir='ltr'>XXII,</span> <span class='ocrx_word' id='word_1_120' title='bbox 2381 1566 2502 1647; x_wconf 81' lang='lat'>253</span> <span class='ocrx_word' id='word_1_121' title='bbox 2547 1563 2785 1650; x_wconf 79' lang='lat' dir='ltr'>Levit.,</span> <span class='ocrx_word' id='word_1_122' title='bbox 2812 1560 3037 1647; x_wconf 88' lang='lat' dir='ltr'>XXV,</span> 
     </span>
     <span class='ocr_line' id='line_1_13' title="bbox 374 1666 3038 1760; baseline 0.003 -33"><span class='ocrx_word' id='word_1_123' title='bbox 374 1668 481 1753; x_wconf 87' lang='lat'>35,</span> <span class='ocrx_word' id='word_1_124' title='bbox 530 1682 684 1749; x_wconf 83' lang='lat' dir='ltr'>quo,</span> <span class='ocrx_word' id='word_1_125' title='bbox 736 1666 957 1749; x_wconf 87' lang='lat' dir='ltr'>primo</span> <span class='ocrx_word' id='word_1_126' title='bbox 1007 1666 1229 1753; x_wconf 90' lang='lat' dir='ltr'>initio,</span> <span class='ocrx_word' id='word_1_127' title='bbox 1280 1670 1594 1734; x_wconf 81' lang='lat' dir='ltr'>hebraeis</span> <span class='ocrx_word' id='word_1_128' title='bbox 1656 1666 2110 1755; x_wconf 83' lang='lat' dir='ltr'>pauperibus3</span> <span class='ocrx_word' id='word_1_129' title='bbox 2163 1670 2376 1754; x_wconf 55' lang='lat' dir='ltr'>Deua,</span> <span class='ocrx_word' id='word_1_130' title='bbox 2440 1669 2698 1760; x_wconf 75' lang='lat' dir='ltr'>XXIII,</span> <span class='ocrx_word' id='word_1_131' title='bbox 2749 1675 2854 1755; x_wconf 82' lang='lat'>20,</span> <span class='ocrx_word' id='word_1_132' title='bbox 2903 1688 3038 1754; x_wconf 91' lang='lat' dir='ltr'>quo</span> 
     </span>
     <span class='ocr_line' id='line_1_14' title="bbox 378 1775 3037 1863; baseline 0.002 -24"><span class='ocrx_word' id='word_1_133' title='bbox 378 1792 541 1841; x_wconf 87' lang='lat' dir='ltr'>mox</span> <span class='ocrx_word' id='word_1_134' title='bbox 586 1776 654 1842; x_wconf 91' lang='lat' dir='ltr'>et</span> <span class='ocrx_word' id='word_1_135' title='bbox 700 1778 868 1859; x_wconf 87' lang='lat' dir='ltr'>ipsis</span> <span class='ocrx_word' id='word_1_136' title='bbox 914 1780 1285 1863; x_wconf 82' lang='lat' dir='ltr'>divitibus3</span> <span class='ocrx_word' id='word_1_137' title='bbox 1332 1794 1413 1841; x_wconf 93' lang='lat' dir='ltr'>ac</span> <span class='ocrx_word' id='word_1_138' title='bbox 1461 1777 1741 1841; x_wconf 91' lang='lat' dir='ltr'>demum</span> <span class='ocrx_word' id='word_1_139' title='bbox 1791 1775 1977 1842; x_wconf 75' lang='lat' dir='ltr'>Psab.</span> <span class='ocrx_word' id='word_1_140' title='bbox 2024 1778 2210 1862; x_wconf 84' lang='lat' dir='ltr'>XIV,</span> <span class='ocrx_word' id='word_1_141' title='bbox 2266 1781 2365 1863; x_wconf 86' lang='lat'>15,</span> <span class='ocrx_word' id='word_1_142' title='bbox 2400 1777 2658 1863; x_wconf 81' lang='lat' dir='ltr'>Ezech.,</span> <span class='ocrx_word' id='word_1_143' title='bbox 2684 1776 2941 1863; x_wconf 90' lang='lat' dir='ltr'>XVIII,</span> <span class='ocrx_word' id='word_1_144' title='bbox 2977 1780 3037 1861; x_wconf 84' lang='lat'>5,</span> 
     </span>
     <span class='ocr_line' id='line_1_15' title="bbox 375 1884 3037 1972; baseline 0 -23"><span class='ocrx_word' id='word_1_145' title='bbox 375 1900 509 1965; x_wconf 91' lang='lat' dir='ltr'>quo</span> <span class='ocrx_word' id='word_1_146' title='bbox 528 1886 943 1967; x_wconf 79' lang='lat' dir='ltr'>alienigenis</span> <span class='ocrx_word' id='word_1_147' title='bbox 975 1903 1244 1968; x_wconf 91' lang='lat' dir='ltr'>quoque</span> <span class='ocrx_word' id='word_1_148' title='bbox 1276 1884 1617 1949; x_wconf 86' lang='lat' dir='ltr'>foenerari</span> <span class='ocrx_word' id='word_1_149' title='bbox 1642 1885 2072 1965; x_wconf 90' lang='lat' dir='ltr'>prohibitum</span> <span class='ocrx_word' id='word_1_150' title='bbox 2099 1884 2254 1950; x_wconf 89' lang='lat' dir='ltr'>fuit:</span> <span class='ocrx_word' id='word_1_151' title='bbox 2283 1887 2358 1951; x_wconf 87' lang='lat' dir='ltr'>in</span> <span class='ocrx_word' id='word_1_152' title='bbox 2379 1886 2459 1951; x_wconf 83' lang='lat' dir='ltr'>N.</span> <span class='ocrx_word' id='word_1_153' title='bbox 2482 1886 2579 1964; x_wconf 70' lang='lat' dir='ltr'>T„</span> <span class='ocrx_word' id='word_1_154' title='bbox 2598 1886 2759 1951; x_wconf 80' lang='lat' dir='ltr'>Luc.</span> <span class='ocrx_word' id='word_1_155' title='bbox 2791 1884 2904 1972; x_wconf 89' lang='lat' dir='ltr'>VI,</span> <span class='ocrx_word' id='word_1_156' title='bbox 2935 1888 3037 1971; x_wconf 89' lang='lat'>35,</span> 
     </span>
     <span class='ocr_line' id='line_1_16' title="bbox 375 1990 3040 2075; baseline 0 -19"><span class='ocrx_word' id='word_1_157' title='bbox 375 2008 507 2073; x_wconf 90' lang='lat' dir='ltr'>quo</span> <span class='ocrx_word' id='word_1_158' title='bbox 531 1991 854 2060; x_wconf 89' lang='lat' dir='ltr'>iubemur</span> <span class='ocrx_word' id='word_1_159' title='bbox 878 1993 1195 2058; x_wconf 77' lang='lat' dir='ltr'>mutuum</span> <span class='ocrx_word' id='word_1_160' title='bbox 1226 1994 1390 2057; x_wconf 85' lang='lat' dir='ltr'>dare</span> <span class='ocrx_word' id='word_1_161' title='bbox 1413 1990 1603 2056; x_wconf 74' lang='lat' dir='ltr'>nihil</span> <span class='ocrx_word' id='word_1_162' title='bbox 1626 1990 1791 2056; x_wconf 81' lang='lat' dir='ltr'>inde</span> <span class='ocrx_word' id='word_1_163' title='bbox 1820 1992 2190 2073; x_wconf 75' lang='lat' dir='ltr'>sperantes.</span> <span class='ocrx_word' id='word_1_164' title='bbox 2235 1993 2523 2058; x_wconf 77' lang='lat' dir='ltr'>Omissis</span> <span class='ocrx_word' id='word_1_165' title='bbox 2571 2010 2746 2075; x_wconf 87' lang='lat' dir='ltr'>quae</span> <span class='ocrx_word' id='word_1_166' title='bbox 2779 1992 3040 2059; x_wconf 86' lang='lat' dir='ltr'>contra-</span> 
     </span>
     <span class='ocr_line' id='line_1_17' title="bbox 376 2096 3046 2184; baseline 0.001 -23"><span class='ocrx_word' id='word_1_167' title='bbox 376 2098 457 2161; x_wconf 79' lang='lat' dir='ltr'>rii</span> <span class='ocrx_word' id='word_1_168' title='bbox 488 2099 877 2183; x_wconf 85' lang='lat' dir='ltr'>observant,</span> <span class='ocrx_word' id='word_1_169' title='bbox 897 2117 1163 2182; x_wconf 89' lang='lat' dir='ltr'>nempe,</span> <span class='ocrx_word' id='word_1_170' title='bbox 1183 2115 1456 2180; x_wconf 88' lang='lat' dir='ltr'>eaquae</span> <span class='ocrx_word' id='word_1_171' title='bbox 1472 2098 1742 2184; x_wconf 84' lang='lat' dir='ltr'>Ezech.,</span> <span class='ocrx_word' id='word_1_172' title='bbox 1768 2098 2022 2163; x_wconf 85' lang='lat' dir='ltr'>Psalm.</span> <span class='ocrx_word' id='word_1_173' title='bbox 2049 2096 2118 2163; x_wconf 89' lang='lat' dir='ltr'>et</span> <span class='ocrx_word' id='word_1_174' title='bbox 2162 2100 2684 2165; x_wconf 86' lang='lat' dir='ltr'>Deuteronomii</span> <span class='ocrx_word' id='word_1_175' title='bbox 2738 2099 3046 2165; x_wconf 88' lang='lat' dir='ltr'>cotinen-</span> 
     </span>
     <span class='ocr_line' id='line_1_18' title="bbox 378 2204 3043 2290; baseline 0.002 -25"><span class='ocrx_word' id='word_1_176' title='bbox 378 2204 510 2288; x_wconf 89' lang='lat' dir='ltr'>tur,</span> <span class='ocrx_word' id='word_1_177' title='bbox 546 2204 1063 2287; x_wconf 87' lang='lat' dir='ltr'>interpretanda</span> <span class='ocrx_word' id='word_1_178' title='bbox 1094 2222 1240 2270; x_wconf 87' lang='lat' dir='ltr'>esse</span> <span class='ocrx_word' id='word_1_179' title='bbox 1271 2222 1361 2269; x_wconf 78' lang='lat' dir='ltr'>ex</span> <span class='ocrx_word' id='word_1_180' title='bbox 1394 2204 1724 2287; x_wconf 76' lang='lat' dir='ltr'>Levitico,</span> <span class='ocrx_word' id='word_1_181' title='bbox 1780 2204 1850 2269; x_wconf 94' lang='lat' dir='ltr'>et</span> <span class='ocrx_word' id='word_1_182' title='bbox 1883 2206 2142 2290; x_wconf 84' lang='lat' dir='ltr'>Exod0‚</span> <span class='ocrx_word' id='word_1_183' title='bbox 2179 2206 2344 2285; x_wconf 87' lang='lat' dir='ltr'>quid</span> <span class='ocrx_word' id='word_1_184' title='bbox 2377 2208 2465 2271; x_wconf 89' lang='lat' dir='ltr'>ad</span> <span class='ocrx_word' id='word_1_185' title='bbox 2497 2223 2623 2271; x_wconf 91' lang='lat' dir='ltr'>nos</span> <span class='ocrx_word' id='word_1_186' title='bbox 2657 2206 2765 2271; x_wconf 91' lang='lat' dir='ltr'>ius</span> <span class='ocrx_word' id='word_1_187' title='bbox 2799 2207 3043 2272; x_wconf 85' lang='lat' dir='ltr'>Mosai-</span> 
     </span>
     <span class='ocr_line' id='line_1_19' title="bbox 376 2292 3044 2396; baseline 0.001 -22"><span class='ocrx_word' id='word_1_188' title='bbox 376 2327 536 2375; x_wconf 91' lang='lat' dir='ltr'>cum</span> <span class='ocrx_word' id='word_1_189' title='bbox 569 2310 706 2392; x_wconf 85' lang='grc'>(16)</span> <span class='ocrx_word' id='word_1_190' title='bbox 725 2312 755 2375; x_wconf 73' lang='grc' dir='ltr'>Ρ</span> <span class='ocrx_word' id='word_1_191' title='bbox 780 2310 1007 2379; x_wconf 87' lang='lat' dir='ltr'>Lucae</span> <span class='ocrx_word' id='word_1_192' title='bbox 1032 2314 1266 2377; x_wconf 88' lang='lat' dir='ltr'>autem</span> <span class='ocrx_word' id='word_1_193' title='bbox 1294 2310 1436 2395; x_wconf 91' lang='lat' dir='ltr'>(VI,</span> <span class='ocrx_word' id='word_1_194' title='bbox 1466 2312 1576 2393; x_wconf 89' lang='lat'>35)</span> <span class='ocrx_word' id='word_1_195' title='bbox 1603 2313 1815 2375; x_wconf 84' lang='lat' dir='ltr'>verba</span> <span class='ocrx_word' id='word_1_196' title='bbox 1831 2292 1968 2377; x_wconf 78' lang='lat' dir='ltr'>liuc</span> <span class='ocrx_word' id='word_1_197' title='bbox 1987 2329 2125 2377; x_wconf 92' lang='lat' dir='ltr'>non</span> <span class='ocrx_word' id='word_1_198' title='bbox 2145 2312 2487 2394; x_wconf 90' lang='lat' dir='ltr'>pertinere</span> <span class='ocrx_word' id='word_1_199' title='bbox 2504 2313 2642 2377; x_wconf 91' lang='lat' dir='ltr'>iam</span> <span class='ocrx_word' id='word_1_200' title='bbox 2669 2312 2810 2377; x_wconf 87' lang='lat' dir='ltr'>fere</span> <span class='ocrx_word' id='word_1_201' title='bbox 2839 2314 3044 2396; x_wconf 90' lang='lat' dir='ltr'>lippis</span> 
     </span>
     <span class='ocr_line' id='line_1_20' title="bbox 376 2408 3044 2502; baseline 0.001 -22"><span class='ocrx_word' id='word_1_202' title='bbox 376 2416 581 2497; x_wconf 84' lang='lat' dir='ltr'>atque</span> <span class='ocrx_word' id='word_1_203' title='bbox 604 2408 993 2484; x_wconf 83' lang='lat' dir='ltr'>tonsoribus</span> <span class='ocrx_word' id='word_1_204' title='bbox 1013 2418 1255 2482; x_wconf 90' lang='lat' dir='ltr'>notum</span> <span class='ocrx_word' id='word_1_205' title='bbox 1274 2417 1376 2483; x_wconf 89' lang='lat' dir='ltr'>est</span> <span class='ocrx_word' id='word_1_206' title='bbox 1393 2416 1558 2502; x_wconf 83' lang='lat'>(17).</span> <span class='ocrx_word' id='word_1_207' title='bbox 1588 2417 1768 2493; x_wconf 82' lang='lat' dir='ltr'>Quid</span> <span class='ocrx_word' id='word_1_208' title='bbox 1795 2420 1976 2499; x_wconf 90' lang='lat' dir='ltr'>quod</span> <span class='ocrx_word' id='word_1_209' title='bbox 1997 2418 2069 2482; x_wconf 92' lang='lat' dir='ltr'>in</span> <span class='ocrx_word' id='word_1_210' title='bbox 2090 2419 2237 2483; x_wconf 89' lang='lat' dir='ltr'>iure</span> <span class='ocrx_word' id='word_1_211' title='bbox 2254 2420 2657 2501; x_wconf 87' lang='lat' dir='ltr'>evangelico</span> <span class='ocrx_word' id='word_1_212' title='bbox 2675 2420 2854 2485; x_wconf 87' lang='lat' dir='ltr'>nihil</span> <span class='ocrx_word' id='word_1_213' title='bbox 2881 2420 3044 2485; x_wconf 85' lang='lat' dir='ltr'>novi</span> 
     </span>
     <span class='ocr_line' id='line_1_21' title="bbox 378 2523 3041 2609; baseline 0 -22"><span class='ocrx_word' id='word_1_214' title='bbox 378 2525 602 2605; x_wconf 89' lang='lat' dir='ltr'>quoad</span> <span class='ocrx_word' id='word_1_215' title='bbox 638 2541 859 2589; x_wconf 88' lang='lat' dir='ltr'>mores</span> <span class='ocrx_word' id='word_1_216' title='bbox 914 2523 1351 2589; x_wconf 78' lang='lat' dir='ltr'>continetur?</span> <span class='ocrx_word' id='word_1_217' title='bbox 1407 2523 1639 2609; x_wconf 66' lang='lat' dir='ltr'>(Proh,</span> <span class='ocrx_word' id='word_1_218' title='bbox 1695 2526 1841 2607; x_wconf 89' lang='grc'>196,</span> <span class='ocrx_word' id='word_1_219' title='bbox 1890 2542 2008 2590; x_wconf 92' lang='lat' dir='ltr'>nn.</span> <span class='ocrx_word' id='word_1_220' title='bbox 2064 2526 2122 2609; x_wconf 86' lang='grc'>7,</span> <span class='ocrx_word' id='word_1_221' title='bbox 2171 2526 2262 2608; x_wconf 88' lang='grc'>8).</span> <span class='ocrx_word' id='word_1_222' title='bbox 2311 2526 2399 2590; x_wconf 82' lang='lat' dir='ltr'>Et</span> <span class='ocrx_word' id='word_1_223' title='bbox 2461 2526 2803 2608; x_wconf 90' lang='lat' dir='ltr'>numquid</span> <span class='ocrx_word' id='word_1_224' title='bbox 2849 2527 3041 2591; x_wconf 88' lang='lat' dir='ltr'>aliud</span> 
     </span>
     <span class='ocr_line' id='line_1_22' title="bbox 377 2630 3035 2716; baseline 0.002 -22"><span class='ocrx_word' id='word_1_225' title='bbox 377 2630 552 2696; x_wconf 84' lang='lat' dir='ltr'>forte</span> <span class='ocrx_word' id='word_1_226' title='bbox 600 2631 970 2697; x_wconf 89' lang='lat' dir='ltr'>dicendum</span> <span class='ocrx_word' id='word_1_227' title='bbox 1004 2634 1109 2697; x_wconf 90' lang='lat' dir='ltr'>est</span> <span class='ocrx_word' id='word_1_228' title='bbox 1137 2648 1227 2698; x_wconf 83' lang='lat' dir='ltr'>ex</span> <span class='ocrx_word' id='word_1_229' title='bbox 1260 2630 1828 2715; x_wconf 81' lang='lat' dir='ltr'>interpretatione</span> <span class='ocrx_word' id='word_1_230' title='bbox 1862 2632 2031 2698; x_wconf 86' lang='lat' dir='ltr'>iuris</span> <span class='ocrx_word' id='word_1_231' title='bbox 2081 2633 2457 2700; x_wconf 71' lang='lat' dir='ltr'>canonici?</span> <span class='ocrx_word' id='word_1_232' title='bbox 2513 2632 2782 2716; x_wconf 83' lang='lat' dir='ltr'>Urgent</span> <span class='ocrx_word' id='word_1_233' title='bbox 2832 2634 3035 2699; x_wconf 84' lang='lat' dir='ltr'>Conc.</span> 
     </span>
     <span class='ocr_line' id='line_1_23' title="bbox 380 2737 3043 2826; baseline 0.001 -24"><span class='ocrx_word' id='word_1_234' title='bbox 380 2737 679 2821; x_wconf 87' lang='lat' dir='ltr'>Nicaen.,</span> <span class='ocrx_word' id='word_1_235' title='bbox 731 2739 896 2803; x_wconf 84' lang='lat' dir='ltr'>Gan.</span> <span class='ocrx_word' id='word_1_236' title='bbox 953 2741 1053 2818; x_wconf 83' lang='lat'>17,</span> <span class='ocrx_word' id='word_1_237' title='bbox 1101 2757 1214 2804; x_wconf 89' lang='lat' dir='ltr'>an.</span> <span class='ocrx_word' id='word_1_238' title='bbox 1264 2743 1432 2824; x_wconf 81' lang='lat'>3253</span> <span class='ocrx_word' id='word_1_239' title='bbox 1482 2741 1685 2805; x_wconf 87' lang='lat' dir='ltr'>Oonc.</span> <span class='ocrx_word' id='word_1_240' title='bbox 1736 2740 1982 2821; x_wconf 87' lang='lat' dir='ltr'>Later.,</span> <span class='ocrx_word' id='word_1_241' title='bbox 2031 2738 2124 2826; x_wconf 93' lang='lat' dir='ltr'>II,</span> <span class='ocrx_word' id='word_1_242' title='bbox 2172 2759 2282 2806; x_wconf 90' lang='lat' dir='ltr'>an.</span> <span class='ocrx_word' id='word_1_243' title='bbox 2339 2744 2544 2806; x_wconf 88' lang='lat'>1139:</span> <span class='ocrx_word' id='word_1_244' title='bbox 2611 2741 2822 2806; x_wconf 86' lang='lat' dir='ltr'>Olem.</span> <span class='ocrx_word' id='word_1_245' title='bbox 2887 2741 3043 2824; x_wconf 91' lang='lat' dir='ltr'>Un.‚</span> 
     </span>
     <span class='ocr_line' id='line_1_24' title="bbox 379 2843 3048 2936; baseline 0.003 -30"><span class='ocrx_word' id='word_1_246' title='bbox 379 2843 477 2908; x_wconf 85' lang='lat' dir='ltr'>De</span> <span class='ocrx_word' id='word_1_247' title='bbox 535 2843 801 2929; x_wconf 78' lang='lat' dir='ltr'>Usuris,</span> <span class='ocrx_word' id='word_1_248' title='bbox 849 2862 961 2909; x_wconf 87' lang='lat' dir='ltr'>an.</span> <span class='ocrx_word' id='word_1_249' title='bbox 1019 2849 1208 2911; x_wconf 87' lang='lat'>1311.</span> <span class='ocrx_word' id='word_1_250' title='bbox 1257 2847 1351 2912; x_wconf 88' lang='lat' dir='ltr'>At</span> <span class='ocrx_word' id='word_1_251' title='bbox 1395 2843 1681 2912; x_wconf 86' lang='lat' dir='ltr'>Nicaen.</span> <span class='ocrx_word' id='word_1_252' title='bbox 1717 2847 1786 2911; x_wconf 91' lang='lat' dir='ltr'>et</span> <span class='ocrx_word' id='word_1_253' title='bbox 1819 2845 2136 2912; x_wconf 87' lang='lat' dir='ltr'>Lateran.</span> <span class='ocrx_word' id='word_1_254' title='bbox 2173 2847 2520 2928; x_wconf 88' lang='lat' dir='ltr'>improbas</span> <span class='ocrx_word' id='word_1_255' title='bbox 2556 2848 2826 2912; x_wconf 88' lang='lat' dir='ltr'>tantum</span> <span class='ocrx_word' id='word_1_256' title='bbox 2865 2865 3048 2936; x_wconf 57' lang='lat' dir='ltr'>vusu-</span> 
     </span>
     <span class='ocr_line' id='line_1_25' title="bbox 377 2950 3046 3039; baseline 0 -24"><span class='ocrx_word' id='word_1_257' title='bbox 377 2967 487 3015; x_wconf 84' lang='lat' dir='ltr'>ras</span> <span class='ocrx_word' id='word_1_258' title='bbox 533 2952 871 3016; x_wconf 86' lang='lat' dir='ltr'>damnant</span> <span class='ocrx_word' id='word_1_259' title='bbox 903 2950 1084 3037; x_wconf 87' lang='grc'>(18);</span> <span class='ocrx_word' id='word_1_260' title='bbox 1134 2953 1569 3018; x_wconf 74' lang='lat' dir='ltr'>clementina</span> <span class='ocrx_word' id='word_1_261' title='bbox 1600 2953 2015 3036; x_wconf 87' lang='lat' dir='ltr'>generaliter</span> <span class='ocrx_word' id='word_1_262' title='bbox 2045 2953 2373 3039; x_wconf 85' lang='lat' dir='ltr'>loquitur,</span> <span class='ocrx_word' id='word_1_263' title='bbox 2399 2955 2605 3037; x_wconf 89' lang='lat' dir='ltr'>atque</span> <span class='ocrx_word' id='word_1_264' title='bbox 2632 2955 2785 3020; x_wconf 92' lang='lat' dir='ltr'>ideo</span> <span class='ocrx_word' id='word_1_265' title='bbox 2812 2956 3046 3039; x_wconf 70' lang='lat' dir='ltr'>(Proh,</span> 
     </span>
    </p>
   </div>
   <div class='ocr_carea' id='block_1_3' title="bbox 378 3213 3047 3611">
    <p class='ocr_par' dir='ltr' id='par_1_3' title="bbox 378 3213 3047 3611">
     <span class='ocr_line' id='line_1_26' title="bbox 458 3213 3047 3294; baseline 0.002 -23"><span class='ocrx_word' id='word_1_266' title='bbox 458 3213 587 3293; x_wconf 84' lang='lat'>(13)</span> <span class='ocrx_word' id='word_1_267' title='bbox 632 3213 819 3288; x_wconf 70' lang='lat' dir='ltr'>Moli„</span> <span class='ocrx_word' id='word_1_268' title='bbox 864 3213 941 3272; x_wconf 87' lang='lat' dir='ltr'>D.</span> <span class='ocrx_word' id='word_1_269' title='bbox 985 3215 1119 3289; x_wconf 84' lang='lat'>304,</span> <span class='ocrx_word' id='word_1_270' title='bbox 1178 3214 1429 3292; x_wconf 88' lang='lat' dir='ltr'>aliique,</span> <span class='ocrx_word' id='word_1_271' title='bbox 1488 3218 1655 3294; x_wconf 84' lang='lat' dir='ltr'>apud</span> <span class='ocrx_word' id='word_1_272' title='bbox 1769 3217 1836 3274; x_wconf 82' lang='lat'>2⁰</span> <span class='ocrx_word' id='word_1_273' title='bbox 1879 3218 2026 3292; x_wconf 84' lang='lat' dir='ltr'>quia</span> <span class='ocrx_word' id='word_1_274' title='bbox 2069 3221 2135 3276; x_wconf 86' lang='lat' dir='ltr'>et</span> <span class='ocrx_word' id='word_1_275' title='bbox 2177 3217 2380 3291; x_wconf 78' lang='lat' dir='ltr'>aedeS,</span> <span class='ocrx_word' id='word_1_276' title='bbox 2411 3222 2478 3275; x_wconf 91' lang='lat' dir='ltr'>et</span> <span class='ocrx_word' id='word_1_277' title='bbox 2506 3217 2629 3275; x_wconf 86' lang='lat' dir='ltr'>alia</span> <span class='ocrx_word' id='word_1_278' title='bbox 2659 3217 2858 3275; x_wconf 85' lang='lat' dir='ltr'>multa</span> <span class='ocrx_word' id='word_1_279' title='bbox 2889 3237 3047 3292; x_wconf 88' lang='lat' dir='ltr'>quae</span> 
     </span>
     <span class='ocr_line' id='line_1_27' title="bbox 378 3293 2707 3372; baseline 0.001 -20"><span class='ocrx_word' id='word_1_280' title='bbox 378 3293 686 3369; x_wconf 83' lang='lat' dir='ltr'>Turrian.,</span> <span class='ocrx_word' id='word_1_281' title='bbox 719 3295 895 3372; x_wconf 87' lang='lat' dir='ltr'>Disp.</span> <span class='ocrx_word' id='word_1_282' title='bbox 926 3295 1021 3370; x_wconf 84' lang='lat'>60,</span> <span class='ocrx_word' id='word_1_283' title='bbox 1055 3295 1217 3354; x_wconf 92' lang='lat' dir='ltr'>Dub.</span> <span class='ocrx_word' id='word_1_284' title='bbox 1241 3297 1295 3370; x_wconf 89' lang='lat'>4,</span> <span class='ocrx_word' id='word_1_285' title='bbox 1327 3317 1387 3354; x_wconf 92' lang='lat' dir='ltr'>n.</span> <span class='ocrx_word' id='word_1_286' title='bbox 1411 3299 1465 3354; x_wconf 86' lang='grc'>4·</span> <span class='ocrx_word' id='word_1_287' title='bbox 1491 3297 1660 3356; x_wconf 88' lang='lat' dir='ltr'>Abu·</span> <span class='ocrx_word' id='word_1_288' title='bbox 1768 3297 1958 3356; x_wconf 87' lang='lat' dir='ltr'>locari</span> <span class='ocrx_word' id='word_1_289' title='bbox 2003 3298 2207 3356; x_wconf 86' lang='lat' dir='ltr'>solent</span> <span class='ocrx_word' id='word_1_290' title='bbox 2249 3297 2492 3356; x_wconf 86' lang='lat' dir='ltr'>sterilia</span> <span class='ocrx_word' id='word_1_291' title='bbox 2537 3303 2707 3362; x_wconf 78' lang='lat' dir='ltr'>sunt.</span> 
     </span>
     <span class='ocr_line' id='line_1_28' title="bbox 378 3372 1657 3452; baseline 0.002 -20"><span class='ocrx_word' id='word_1_292' title='bbox 378 3372 551 3448; x_wconf 63' lang='lat' dir='ltr'>lens,</span> <span class='ocrx_word' id='word_1_293' title='bbox 583 3376 649 3433; x_wconf 87' lang='lat' dir='ltr'>in</span> <span class='ocrx_word' id='word_1_294' title='bbox 678 3377 923 3449; x_wconf 64' lang='lat' dir='ltr'>Macen„</span> <span class='ocrx_word' id='word_1_295' title='bbox 974 3375 1188 3450; x_wconf 86' lang='lat' dir='ltr'>XXV,</span> <span class='ocrx_word' id='word_1_296' title='bbox 1221 3395 1322 3451; x_wconf 91' lang='lat' dir='ltr'>qq.</span> <span class='ocrx_word' id='word_1_297' title='bbox 1356 3377 1487 3452; x_wconf 87' lang='lat'>171,</span> <span class='ocrx_word' id='word_1_298' title='bbox 1523 3379 1657 3435; x_wconf 83' lang='lat'>172.</span> 
     </span>
     <span class='ocr_line' id='line_1_29' title="bbox 380 3453 1659 3530; baseline 0.003 -18"><span class='ocrx_word' id='word_1_299' title='bbox 380 3453 510 3513; x_wconf 88' lang='lat' dir='ltr'>Nec</span> <span class='ocrx_word' id='word_1_300' title='bbox 540 3456 975 3514; x_wconf 73' lang='lat' dir='ltr'>contemnendi</span> <span class='ocrx_word' id='word_1_301' title='bbox 1001 3459 1153 3513; x_wconf 88' lang='lat' dir='ltr'>sunt</span> <span class='ocrx_word' id='word_1_302' title='bbox 1176 3453 1480 3530; x_wconf 90' lang='lat' dir='ltr'>Donnell.,</span> <span class='ocrx_word' id='word_1_303' title='bbox 1508 3458 1570 3515; x_wconf 90' lang='lat' dir='ltr'>in</span> <span class='ocrx_word' id='word_1_304' title='bbox 1590 3457 1659 3516; x_wconf 86' lang='lat' dir='ltr'>C.</span> 
     </span>
     <span class='ocr_line' id='line_1_30' title="bbox 379 3535 1657 3611; baseline 0.002 -20"><span class='ocrx_word' id='word_1_305' title='bbox 379 3535 473 3592; x_wconf 87' lang='lat' dir='ltr'>De</span> <span class='ocrx_word' id='word_1_306' title='bbox 514 3553 719 3610; x_wconf 78' lang='lat' dir='ltr'>usur.;</span> <span class='ocrx_word' id='word_1_307' title='bbox 746 3535 969 3609; x_wconf 90' lang='lat' dir='ltr'>Noodt,</span> <span class='ocrx_word' id='word_1_308' title='bbox 996 3537 1089 3592; x_wconf 82' lang='lat' dir='ltr'>De</span> <span class='ocrx_word' id='word_1_309' title='bbox 1119 3537 1407 3611; x_wconf 75' lang='lat' dir='ltr'>Foe‘nore,</span> <span class='ocrx_word' id='word_1_310' title='bbox 1433 3537 1571 3596; x_wconf 89' lang='lat' dir='ltr'>Lib.</span> <span class='ocrx_word' id='word_1_311' title='bbox 1606 3541 1657 3609; x_wconf 90' lang='lat'>1,</span> 
     </span>
    </p>
   </div>
   <div class='ocr_carea' id='block_1_4' title="bbox 1769 3377 3050 3614">
    <p class='ocr_par' dir='ltr' id='par_1_4' title="bbox 1769 3377 3050 3614">
     <span class='ocr_line' id='line_1_31' title="bbox 1852 3377 3047 3456; baseline 0 -22"><span class='ocrx_word' id='word_1_312' title='bbox 1852 3377 1980 3456; x_wconf 84' lang='grc'>(16)</span> <span class='ocrx_word' id='word_1_313' title='bbox 2026 3378 2102 3437; x_wconf 88' lang='lat' dir='ltr'>V.</span> <span class='ocrx_word' id='word_1_314' title='bbox 2147 3377 2452 3452; x_wconf 85' lang='lat' dir='ltr'>Mastrof.,</span> <span class='ocrx_word' id='word_1_315' title='bbox 2499 3379 2581 3454; x_wconf 52' lang='lat' dir='ltr'>§gl</span> <span class='ocrx_word' id='word_1_316' title='bbox 2637 3378 2731 3454; x_wconf 89' lang='grc'>26,</span> <span class='ocrx_word' id='word_1_317' title='bbox 2791 3383 2927 3452; x_wconf 90' lang='lat' dir='ltr'>etc.,</span> <span class='ocrx_word' id='word_1_318' title='bbox 2953 3377 3047 3453; x_wconf 84' lang='lat'>39,</span> 
     </span>
     <span class='ocr_line' id='line_1_32' title="bbox 1769 3455 3050 3534; baseline 0.002 -21"><span class='ocrx_word' id='word_1_319' title='bbox 1769 3457 1863 3532; x_wconf 84' lang='lat'>43,</span> <span class='ocrx_word' id='word_1_320' title='bbox 1909 3459 2004 3515; x_wconf 88' lang='lat'>44.</span> <span class='ocrx_word' id='word_1_321' title='bbox 2064 3455 2244 3528; x_wconf 83' lang='lat' dir='ltr'>Quod</span> <span class='ocrx_word' id='word_1_322' title='bbox 2275 3458 2376 3516; x_wconf 82' lang='lat' dir='ltr'>vel</span> <span class='ocrx_word' id='word_1_323' title='bbox 2406 3459 2540 3534; x_wconf 86' lang='lat' dir='ltr'>ipse</span> <span class='ocrx_word' id='word_1_324' title='bbox 2571 3458 2745 3516; x_wconf 91' lang='lat' dir='ltr'>Dom.</span> <span class='ocrx_word' id='word_1_325' title='bbox 2791 3459 2935 3518; x_wconf 82' lang='lat' dir='ltr'>Soto</span> <span class='ocrx_word' id='word_1_326' title='bbox 2965 3457 3050 3516; x_wconf 85' lang='lat' dir='ltr'>fa-</span> 
     </span>
     <span class='ocr_line' id='line_1_33' title="bbox 1770 3537 3048 3614; baseline 0 -19"><span class='ocrx_word' id='word_1_327' title='bbox 1770 3539 1892 3595; x_wconf 83' lang='lat' dir='ltr'>teri</span> <span class='ocrx_word' id='word_1_328' title='bbox 1936 3543 2191 3597; x_wconf 87' lang='lat' dir='ltr'>coactus</span> <span class='ocrx_word' id='word_1_329' title='bbox 2221 3539 2348 3595; x_wconf 81' lang='lat' dir='ltr'>fuit</span> <span class='ocrx_word' id='word_1_330' title='bbox 2389 3539 2508 3614; x_wconf 83' lang='lat' dir='ltr'>(Dc</span> <span class='ocrx_word' id='word_1_331' title='bbox 2549 3539 2782 3612; x_wconf 61' lang='lat' dir='ltr'>Iussit„</span> <span class='ocrx_word' id='word_1_332' title='bbox 2831 3537 2950 3613; x_wconf 88' lang='lat' dir='ltr'>XI,</span> <span class='ocrx_word' id='word_1_333' title='bbox 2997 3537 3048 3613; x_wconf 91' lang='grc' dir='ltr'>Ι,</span> 
     </span>
    </p>
   </div>
   <div class='ocr_carea' id='block_1_5' title="bbox 378 3613 1662 4252">
    <p class='ocr_par' dir='ltr' id='par_1_5' title="bbox 379 3613 1661 3772">
     <span class='ocr_line' id='line_1_34' title="bbox 380 3613 1661 3692; baseline 0.002 -18"><span class='ocrx_word' id='word_1_334' title='bbox 380 3613 531 3692; x_wconf 83' lang='lat' dir='ltr'>Cap.</span> <span class='ocrx_word' id='word_1_335' title='bbox 578 3617 629 3688; x_wconf 89' lang='lat'>1;</span> <span class='ocrx_word' id='word_1_336' title='bbox 678 3620 750 3674; x_wconf 90' lang='lat' dir='ltr'>ut</span> <span class='ocrx_word' id='word_1_337' title='bbox 792 3615 1097 3690; x_wconf 85' lang='lat' dir='ltr'>Puffend.,</span> <span class='ocrx_word' id='word_1_338' title='bbox 1130 3615 1453 3692; x_wconf 89' lang='lat' dir='ltr'>Heinnec.,</span> <span class='ocrx_word' id='word_1_339' title='bbox 1486 3617 1661 3676; x_wconf 89' lang='lat' dir='ltr'>Moli-</span> 
     </span>
     <span class='ocr_line' id='line_1_35' title="bbox 379 3694 1396 3772; baseline 0.002 -20"><span class='ocrx_word' id='word_1_340' title='bbox 379 3713 619 3770; x_wconf 87' lang='lat' dir='ltr'>naeum,</span> <span class='ocrx_word' id='word_1_341' title='bbox 666 3694 943 3770; x_wconf 85' lang='lat' dir='ltr'>aliosque</span> <span class='ocrx_word' id='word_1_342' title='bbox 990 3702 1396 3772; x_wconf 86' lang='lat' dir='ltr'>praeteream.</span> 
     </span>
    </p>

    <p class='ocr_par' dir='ltr' id='par_1_6' title="bbox 461 3773 1231 3854">
     <span class='ocr_line' id='line_1_36' title="bbox 461 3773 1231 3854; baseline 0.004 -23"><span class='ocrx_word' id='word_1_343' title='bbox 461 3773 589 3852; x_wconf 87' lang='lat'>(14)</span> <span class='ocrx_word' id='word_1_344' title='bbox 634 3775 828 3854; x_wconf 81' lang='lat' dir='ltr'>LugO,</span> <span class='ocrx_word' id='word_1_345' title='bbox 876 3776 1089 3850; x_wconf 90' lang='lat' dir='ltr'>XXV,</span> <span class='ocrx_word' id='word_1_346' title='bbox 1138 3777 1231 3834; x_wconf 87' lang='lat'>11.</span> 
     </span>
    </p>

    <p class='ocr_par' dir='ltr' id='par_1_7' title="bbox 378 3855 1662 4252">
     <span class='ocr_line' id='line_1_37' title="bbox 460 3855 1659 3934; baseline 0.003 -22"><span class='ocrx_word' id='word_1_347' title='bbox 460 3855 588 3934; x_wconf 81' lang='lat'>(15)</span> <span class='ocrx_word' id='word_1_348' title='bbox 632 3855 709 3914; x_wconf 89' lang='lat' dir='ltr'>V.</span> <span class='ocrx_word' id='word_1_349' title='bbox 752 3855 1005 3930; x_wconf 87' lang='lat' dir='ltr'>Baller.,</span> <span class='ocrx_word' id='word_1_350' title='bbox 1038 3856 1117 3914; x_wconf 84' lang='lat' dir='ltr'>ad</span> <span class='ocrx_word' id='word_1_351' title='bbox 1176 3856 1377 3934; x_wconf 83' lang='lat' dir='ltr'>Gury,</span> <span class='ocrx_word' id='word_1_352' title='bbox 1428 3860 1478 3924; x_wconf 90' lang='lat'>1,</span> <span class='ocrx_word' id='word_1_353' title='bbox 1522 3858 1659 3916; x_wconf 84' lang='grc'>867.</span> 
     </span>
     <span class='ocr_line' id='line_1_38' title="bbox 379 3935 1655 4014; baseline 0.002 -22"><span class='ocrx_word' id='word_1_354' title='bbox 379 3935 649 3993; x_wconf 89' lang='lat' dir='ltr'>Addunt</span> <span class='ocrx_word' id='word_1_355' title='bbox 716 3935 781 3992; x_wconf 89' lang='lat' dir='ltr'>hi</span> <span class='ocrx_word' id='word_1_356' title='bbox 840 3937 948 4010; x_wconf 90' lang='lat' dir='ltr'>qui</span> <span class='ocrx_word' id='word_1_357' title='bbox 1013 3955 1239 4004; x_wconf 82' lang='lat' dir='ltr'>usuras</span> <span class='ocrx_word' id='word_1_358' title='bbox 1294 3937 1655 4014; x_wconf 86' lang='lat' dir='ltr'>explodunt,</span> 
     </span>
     <span class='ocr_line' id='line_1_39' title="bbox 383 4015 1659 4092; baseline 0.002 -21"><span class='ocrx_word' id='word_1_359' title='bbox 383 4016 443 4071; x_wconf 82' lang='lat'>10</span> <span class='ocrx_word' id='word_1_360' title='bbox 480 4015 825 4092; x_wconf 87' lang='lat' dir='ltr'>periculum</span> <span class='ocrx_word' id='word_1_361' title='bbox 881 4017 1180 4091; x_wconf 88' lang='lat' dir='ltr'>pecuniae</span> <span class='ocrx_word' id='word_1_362' title='bbox 1238 4017 1515 4076; x_wconf 82' lang='lat' dir='ltr'>creditae</span> <span class='ocrx_word' id='word_1_363' title='bbox 1580 4019 1659 4075; x_wconf 85' lang='lat' dir='ltr'>ad</span> 
     </span>
     <span class='ocr_line' id='line_1_40' title="bbox 378 4096 1662 4174; baseline 0.003 -22"><span class='ocrx_word' id='word_1_364' title='bbox 378 4097 834 4153; x_wconf 82' lang='lat' dir='ltr'>mutuatarium</span> <span class='ocrx_word' id='word_1_365' title='bbox 860 4098 1151 4170; x_wconf 81' lang='lat' dir='ltr'>transire,</span> <span class='ocrx_word' id='word_1_366' title='bbox 1184 4096 1249 4154; x_wconf 84' lang='lat'>2⁰</span> <span class='ocrx_word' id='word_1_367' title='bbox 1293 4097 1533 4155; x_wconf 90' lang='lat' dir='ltr'>nullum</span> <span class='ocrx_word' id='word_1_368' title='bbox 1562 4117 1662 4174; x_wconf 90' lang='lat' dir='ltr'>pe-</span> 
     </span>
     <span class='ocr_line' id='line_1_41' title="bbox 379 4176 1658 4252; baseline 0.002 -20"><span class='ocrx_word' id='word_1_369' title='bbox 379 4176 599 4234; x_wconf 83' lang='lat' dir='ltr'>cuniae</span> <span class='ocrx_word' id='word_1_370' title='bbox 617 4195 797 4234; x_wconf 85' lang='lat' dir='ltr'>usum</span> <span class='ocrx_word' id='word_1_371' title='bbox 814 4195 966 4250; x_wconf 82' lang='lat' dir='ltr'>esse,</span> <span class='ocrx_word' id='word_1_372' title='bbox 988 4177 1215 4252; x_wconf 89' lang='lat' dir='ltr'>quippe</span> <span class='ocrx_word' id='word_1_373' title='bbox 1262 4177 1499 4236; x_wconf 86' lang='lat' dir='ltr'>sterilis</span> <span class='ocrx_word' id='word_1_374' title='bbox 1529 4183 1623 4235; x_wconf 86' lang='lat' dir='ltr'>est</span> <span class='ocrx_word' id='word_1_375' title='bbox 1645 4197 1658 4252; x_wconf 89' lang='lat'>;</span> 
     </span>
    </p>
   </div>
   <div class='ocr_carea' id='block_1_6' title="bbox 284 4255 1659 4334">
    <p class='ocr_par' dir='ltr' id='par_1_8' title="bbox 284 4255 1659 4334">
     <span class='ocr_line' id='line_1_42' title="bbox 284 4255 1659 4334; baseline 0.002 -22"><span class='ocrx_word' id='word_1_376' title='bbox 284 4264 287 4273; x_wconf 70' lang='lat'><strong>²</strong></span> <span class='ocrx_word' id='word_1_377' title='bbox 378 4255 541 4328; x_wconf 91' lang='lat' dir='ltr'>quod</span> <span class='ocrx_word' id='word_1_378' title='bbox 556 4257 889 4334; x_wconf 60' lang='lat' dir='ltr'>novissime</span> <span class='ocrx_word' id='word_1_379' title='bbox 908 4258 1235 4315; x_wconf 83' lang='lat' dir='ltr'>refricavit</span> <span class='ocrx_word' id='word_1_380' title='bbox 1253 4257 1659 4315; x_wconf 78' lang='lat' dir='ltr'>Sebastianus</span> 
     </span>
    </p>
   </div>
   <div class='ocr_carea' id='block_1_7' title="bbox 376 4333 1661 4816">
    <p class='ocr_par' dir='ltr' id='par_1_9' title="bbox 376 4333 1661 4816">
     <span class='ocr_line' id='line_1_43' title="bbox 378 4333 1659 4413; baseline 0.003 -21"><span class='ocrx_word' id='word_1_381' title='bbox 378 4333 657 4410; x_wconf 87' lang='lat' dir='ltr'>Nicotra,</span> <span class='ocrx_word' id='word_1_382' title='bbox 703 4337 769 4394; x_wconf 89' lang='lat' dir='ltr'>in</span> <span class='ocrx_word' id='word_1_383' title='bbox 792 4356 974 4412; x_wconf 86' lang='lat' dir='ltr'>opere</span> <span class='ocrx_word' id='word_1_384' title='bbox 1007 4337 1169 4411; x_wconf 91' lang='lat' dir='ltr'>quod</span> <span class='ocrx_word' id='word_1_385' title='bbox 1200 4338 1529 4413; x_wconf 83' lang='lat' dir='ltr'>inscripsit</span> <span class='ocrx_word' id='word_1_386' title='bbox 1558 4337 1659 4396; x_wconf 72' lang='lat' dir='ltr'>So-</span> 
     </span>
     <span class='ocr_line' id='line_1_44' title="bbox 376 4415 1661 4494; baseline 0.003 -22"><span class='ocrx_word' id='word_1_387' title='bbox 376 4417 661 4475; x_wconf 70' lang='lat' dir='ltr'>cc‘aZt&#39;s‘mo</span> <span class='ocrx_word' id='word_1_388' title='bbox 692 4415 947 4492; x_wconf 85' lang='lat' dir='ltr'>(Roma-e</span> <span class='ocrx_word' id='word_1_389' title='bbox 976 4417 1173 4494; x_wconf 78' lang='grc'>1889).</span> <span class='ocrx_word' id='word_1_390' title='bbox 1217 4417 1391 4474; x_wconf 85' lang='lat' dir='ltr'>Haec</span> <span class='ocrx_word' id='word_1_391' title='bbox 1422 4424 1661 4494; x_wconf 86' lang='lat' dir='ltr'>praete-</span> 
     </span>
     <span class='ocr_line' id='line_1_45' title="bbox 378 4496 1660 4574; baseline 0.003 -23"><span class='ocrx_word' id='word_1_392' title='bbox 378 4496 457 4552; x_wconf 89' lang='lat' dir='ltr'>rii</span> <span class='ocrx_word' id='word_1_393' title='bbox 483 4515 497 4574; x_wconf 68' lang='grc'>,</span> <span class='ocrx_word' id='word_1_394' title='bbox 548 4497 608 4553; x_wconf 89' lang='lat'>1⁰</span> <span class='ocrx_word' id='word_1_395' title='bbox 651 4498 802 4570; x_wconf 89' lang='lat' dir='ltr'>quia</span> <span class='ocrx_word' id='word_1_396' title='bbox 847 4496 1004 4554; x_wconf 90' lang='lat' dir='ltr'>nihil</span> <span class='ocrx_word' id='word_1_397' title='bbox 1049 4503 1245 4569; x_wconf 82' lang='lat' dir='ltr'>vetat,</span> <span class='ocrx_word' id='word_1_398' title='bbox 1292 4517 1387 4556; x_wconf 89' lang='lat' dir='ltr'>me</span> <span class='ocrx_word' id='word_1_399' title='bbox 1418 4497 1660 4556; x_wconf 89' lang='lat' dir='ltr'>lucrum</span> 
     </span>
     <span class='ocr_line' id='line_1_46' title="bbox 376 4584 1661 4653; baseline 0.002 -21"><span class='ocrx_word' id='word_1_400' title='bbox 376 4593 597 4652; x_wconf 84' lang='lat' dir='ltr'>capere</span> <span class='ocrx_word' id='word_1_401' title='bbox 642 4597 719 4634; x_wconf 86' lang='lat' dir='ltr'>ex</span> <span class='ocrx_word' id='word_1_402' title='bbox 762 4597 828 4635; x_wconf 90' lang='lat' dir='ltr'>re</span> <span class='ocrx_word' id='word_1_403' title='bbox 872 4597 1047 4652; x_wconf 88' lang='lat' dir='ltr'>quae,</span> <span class='ocrx_word' id='word_1_404' title='bbox 1081 4595 1155 4634; x_wconf 82' lang='lat' dir='ltr'>ex</span> <span class='ocrx_word' id='word_1_405' title='bbox 1193 4584 1393 4652; x_wconf 84' lang='lat' dir='ltr'>pact0,</span> <span class='ocrx_word' id='word_1_406' title='bbox 1426 4585 1534 4636; x_wconf 83' lang='lat' dir='ltr'>tuo</span> <span class='ocrx_word' id='word_1_407' title='bbox 1564 4597 1661 4653; x_wconf 88' lang='lat' dir='ltr'>pe-</span> 
     </span>
     <span class='ocr_line' id='line_1_47' title="bbox 378 4656 1655 4734; baseline 0.001 -21"><span class='ocrx_word' id='word_1_408' title='bbox 378 4656 573 4714; x_wconf 91' lang='lat' dir='ltr'>riculo</span> <span class='ocrx_word' id='word_1_409' title='bbox 620 4658 723 4732; x_wconf 87' lang='lat' dir='ltr'>sit,</span> <span class='ocrx_word' id='word_1_410' title='bbox 772 4656 948 4715; x_wconf 85' lang='lat' dir='ltr'>velut</span> <span class='ocrx_word' id='word_1_411' title='bbox 991 4657 1375 4717; x_wconf 83' lang='lat' dir='ltr'>commodata</span> <span class='ocrx_word' id='word_1_412' title='bbox 1426 4657 1491 4734; x_wconf 60' lang='grc' dir='ltr'>(ξ</span> <span class='ocrx_word' id='word_1_413' title='bbox 1522 4659 1655 4731; x_wconf 82' lang='lat'>526,</span> 
     </span>
     <span class='ocr_line' id='line_1_48' title="bbox 381 4735 1655 4816; baseline 0.002 -23"><span class='ocrx_word' id='word_1_414' title='bbox 381 4755 442 4793; x_wconf 91' lang='lat' dir='ltr'>n.</span> <span class='ocrx_word' id='word_1_415' title='bbox 485 4735 567 4814; x_wconf 89' lang='lat'>7),</span> <span class='ocrx_word' id='word_1_416' title='bbox 612 4743 725 4794; x_wconf 84' lang='lat' dir='ltr'>aut</span> <span class='ocrx_word' id='word_1_417' title='bbox 766 4736 969 4795; x_wconf 82' lang='lat' dir='ltr'>locata</span> <span class='ocrx_word' id='word_1_418' title='bbox 994 4737 1217 4815; x_wconf 85' lang='lat' dir='ltr'>(LugO,</span> <span class='ocrx_word' id='word_1_419' title='bbox 1243 4737 1499 4812; x_wconf 88' lang='lat' dir='ltr'>XXIX,</span> <span class='ocrx_word' id='word_1_420' title='bbox 1527 4739 1655 4816; x_wconf 78' lang='lat'>73);</span> 
     </span>
    </p>
   </div>
   <div class='ocr_carea' id='block_1_8' title="bbox 476 4894 1733 4942">
    <p class='ocr_par' dir='ltr' id='par_1_10' title="bbox 476 4894 1733 4942">
     <span class='ocr_line' id='line_1_49' title="bbox 476 4894 1733 4942; baseline 0.002 -6"><span class='ocrx_word' id='word_1_421' title='bbox 476 4931 481 4936; x_wconf 93' lang='lat'>.</span> <span class='ocrx_word' id='word_1_422' title='bbox 536 4894 866 4937; x_wconf 75' lang='lat' dir='ltr'>D&#39;Ammum.</span> <span class='ocrx_word' id='word_1_423' title='bbox 897 4895 1147 4942; x_wconf 79' lang='lat' dir='ltr'>Summula</span> <span class='ocrx_word' id='word_1_424' title='bbox 1182 4895 1340 4938; x_wconf 78' lang='lat' dir='ltr'>Theol.</span> <span class='ocrx_word' id='word_1_425' title='bbox 1374 4908 1492 4938; x_wconf 83' lang='lat' dir='ltr'>mor.</span> <span class='ocrx_word' id='word_1_426' title='bbox 1524 4895 1635 4938; x_wconf 87' lang='lat' dir='ltr'>Vol.</span> <span class='ocrx_word' id='word_1_427' title='bbox 1666 4897 1733 4939; x_wconf 90' lang='grc' dir='ltr'>Π.</span> 
     </span>
    </p>
   </div>
   <div class='ocr_carea' id='block_1_9' title="bbox 1770 3618 3166 4318">
    <p class='ocr_par' dir='ltr' id='par_1_11' title="bbox 1773 3618 2956 3696">
     <span class='ocr_line' id='line_1_50' title="bbox 1773 3618 2956 3696; baseline 0.003 -22"><span class='ocrx_word' id='word_1_428' title='bbox 1773 3619 1824 3691; x_wconf 93' lang='grc'>1,</span> <span class='ocrx_word' id='word_1_429' title='bbox 1872 3638 1930 3676; x_wconf 78' lang='lat' dir='ltr'>v.</span> <span class='ocrx_word' id='word_1_430' title='bbox 1975 3618 2353 3696; x_wconf 74' lang='lat' dir='ltr'>Praeterea).</span> <span class='ocrx_word' id='word_1_431' title='bbox 2949 3657 2956 3664; x_wconf 86' lang='lat'><em>-</em></span> 
     </span>
    </p>

    <p class='ocr_par' dir='ltr' id='par_1_12' title="bbox 1770 3697 3166 4318">
     <span class='ocr_line' id='line_1_51' title="bbox 1852 3697 3166 3776; baseline 0.001 -21"><span class='ocrx_word' id='word_1_432' title='bbox 1852 3699 1979 3776; x_wconf 88' lang='lat'>(17)</span> <span class='ocrx_word' id='word_1_433' title='bbox 2025 3697 2185 3772; x_wconf 80' lang='lat' dir='ltr'>Soto,</span> <span class='ocrx_word' id='word_1_434' title='bbox 2252 3701 2292 3756; x_wconf 89' lang='lat' dir='ltr'>I.</span> <span class='ocrx_word' id='word_1_435' title='bbox 2357 3717 2423 3772; x_wconf 86' lang='lat' dir='ltr'>e.,</span> <span class='ocrx_word' id='word_1_436' title='bbox 2496 3697 2657 3756; x_wconf 88' lang='lat' dir='ltr'>Nam</span> <span class='ocrx_word' id='word_1_437' title='bbox 2725 3698 3053 3758; x_wconf 87' lang='lat' dir='ltr'>consilium</span> <span class='ocrx_word' id='word_1_438' title='bbox 3158 3700 3166 3710; x_wconf 85' lang='lat'>&#39;</span> 
     </span>
     <span class='ocr_line' id='line_1_52' title="bbox 1770 3777 3045 3856; baseline 0.001 -20"><span class='ocrx_word' id='word_1_439' title='bbox 1770 3779 2053 3836; x_wconf 84' lang='lat' dir='ltr'>continet</span> <span class='ocrx_word' id='word_1_440' title='bbox 2098 3777 2200 3856; x_wconf 91' lang='lat' dir='ltr'>(D.</span> <span class='ocrx_word' id='word_1_441' title='bbox 2245 3777 2378 3852; x_wconf 67' lang='lat' dir='ltr'>Th„</span> <span class='ocrx_word' id='word_1_442' title='bbox 2423 3779 2477 3852; x_wconf 89' lang='grc'>2,</span> <span class='ocrx_word' id='word_1_443' title='bbox 2511 3779 2564 3853; x_wconf 87' lang='grc'>2,</span> <span class='ocrx_word' id='word_1_444' title='bbox 2609 3779 2704 3853; x_wconf 88' lang='grc'>78,</span> <span class='ocrx_word' id='word_1_445' title='bbox 2754 3780 2804 3854; x_wconf 91' lang='grc'>1,</span> <span class='ocrx_word' id='word_1_446' title='bbox 2850 3779 2931 3856; x_wconf 83' lang='grc'>4),</span> <span class='ocrx_word' id='word_1_447' title='bbox 2963 3784 3045 3854; x_wconf 89' lang='lat' dir='ltr'>et,</span> 
     </span>
     <span class='ocr_line' id='line_1_53' title="bbox 1770 3859 3055 3934; baseline 0.002 -19"><span class='ocrx_word' id='word_1_448' title='bbox 1770 3877 1892 3916; x_wconf 90' lang='lat' dir='ltr'>non</span> <span class='ocrx_word' id='word_1_449' title='bbox 1936 3859 2012 3916; x_wconf 92' lang='lat' dir='ltr'>de</span> <span class='ocrx_word' id='word_1_450' title='bbox 2057 3859 2242 3916; x_wconf 87' lang='lat' dir='ltr'>rebus</span> <span class='ocrx_word' id='word_1_451' title='bbox 2287 3859 2560 3934; x_wconf 86' lang='lat' dir='ltr'>proximo</span> <span class='ocrx_word' id='word_1_452' title='bbox 2604 3859 2932 3918; x_wconf 82' lang='lat' dir='ltr'>credendis</span> <span class='ocrx_word' id='word_1_453' title='bbox 2975 3860 3055 3917; x_wconf 90' lang='grc'>10-</span> 
     </span>
     <span class='ocr_line' id='line_1_54' title="bbox 1770 3938 3052 4014; baseline 0.003 -20"><span class='ocrx_word' id='word_1_454' title='bbox 1770 3940 2006 4012; x_wconf 87' lang='lat' dir='ltr'>quitur,</span> <span class='ocrx_word' id='word_1_455' title='bbox 2026 3938 2135 3996; x_wconf 84' lang='lat' dir='ltr'>sed</span> <span class='ocrx_word' id='word_1_456' title='bbox 2167 3939 2242 3997; x_wconf 90' lang='lat' dir='ltr'>de</span> <span class='ocrx_word' id='word_1_457' title='bbox 2271 3939 2561 4014; x_wconf 85' lang='lat' dir='ltr'>operibus</span> <span class='ocrx_word' id='word_1_458' title='bbox 2591 3940 3052 3998; x_wconf 84' lang='lat' dir='ltr'>misericordiae</span> 
     </span>
     <span class='ocr_line' id='line_1_55' title="bbox 1771 4017 3052 4098; baseline 0.002 -23"><span class='ocrx_word' id='word_1_459' title='bbox 1771 4019 1875 4090; x_wconf 79' lang='lat' dir='ltr'>(V.</span> <span class='ocrx_word' id='word_1_460' title='bbox 1919 4017 2228 4092; x_wconf 84' lang='lat' dir='ltr'>Mastrof.,</span> <span class='ocrx_word' id='word_1_461' title='bbox 2275 4019 2356 4094; x_wconf 60' lang='grc' dir='ltr'>ἓξ</span> <span class='ocrx_word' id='word_1_462' title='bbox 2385 4019 2480 4093; x_wconf 85' lang='grc'>64,</span> <span class='ocrx_word' id='word_1_463' title='bbox 2513 4019 2608 4094; x_wconf 77' lang='lat'>(35,</span> <span class='ocrx_word' id='word_1_464' title='bbox 2669 4019 2834 4098; x_wconf 65' lang='lat' dir='ltr'>etc.)</span> <span class='ocrx_word' id='word_1_465' title='bbox 2881 4019 3052 4091; x_wconf 77' lang='lat' dir='ltr'>Quin</span> 
     </span>
     <span class='ocr_line' id='line_1_56' title="bbox 1771 4096 3056 4176; baseline 0.002 -20"><span class='ocrx_word' id='word_1_466' title='bbox 1771 4096 2066 4156; x_wconf 85' lang='lat' dir='ltr'>Christ-us</span> <span class='ocrx_word' id='word_1_467' title='bbox 2112 4099 2386 4174; x_wconf 84' lang='lat' dir='ltr'>seipsum</span> <span class='ocrx_word' id='word_1_468' title='bbox 2432 4105 2754 4176; x_wconf 84' lang='lat' dir='ltr'>comparat</span> <span class='ocrx_word' id='word_1_469' title='bbox 2794 4099 3056 4176; x_wconf 85' lang='lat' dir='ltr'>patrifa-</span> 
     </span>
     <span class='ocr_line' id='line_1_57' title="bbox 1770 4177 3055 4255; baseline 0.004 -21"><span class='ocrx_word' id='word_1_470' title='bbox 1770 4177 1994 4252; x_wconf 81' lang='lat' dir='ltr'>milias,</span> <span class='ocrx_word' id='word_1_471' title='bbox 2015 4180 2122 4252; x_wconf 89' lang='lat' dir='ltr'>qui</span> <span class='ocrx_word' id='word_1_472' title='bbox 2156 4197 2404 4236; x_wconf 80' lang='lat' dir='ltr'>servum</span> <span class='ocrx_word' id='word_1_473' title='bbox 2437 4179 2711 4255; x_wconf 85' lang='lat' dir='ltr'>damnat,</span> <span class='ocrx_word' id='word_1_474' title='bbox 2743 4181 2904 4254; x_wconf 88' lang='lat' dir='ltr'>quod</span> <span class='ocrx_word' id='word_1_475' title='bbox 2931 4201 3055 4239; x_wconf 87' lang='lat' dir='ltr'>cre-</span> 
     </span>
     <span class='ocr_line' id='line_1_58' title="bbox 1770 4258 3056 4318; baseline 0.002 -3"><span class='ocrx_word' id='word_1_476' title='bbox 1770 4258 1974 4316; x_wconf 87' lang='lat' dir='ltr'>ditum</span> <span class='ocrx_word' id='word_1_477' title='bbox 2020 4259 2139 4316; x_wconf 86' lang='lat' dir='ltr'>sibi</span> <span class='ocrx_word' id='word_1_478' title='bbox 2171 4259 2480 4316; x_wconf 74' lang='lat' dir='ltr'>talentum</span> <span class='ocrx_word' id='word_1_479' title='bbox 2509 4261 2947 4318; x_wconf 87' lang='lat' dir='ltr'>nummulariis</span> <span class='ocrx_word' id='word_1_480' title='bbox 2972 4264 3056 4318; x_wconf 84' lang='lat' dir='ltr'>ad</span> 
     </span>
    </p>
   </div>
   <div class='ocr_carea' id='block_1_10' title="bbox 1770 4336 3166 4416">
    <p class='ocr_par' dir='ltr' id='par_1_13' title="bbox 1770 4336 3166 4416">
     <span class='ocr_line' id='line_1_59' title="bbox 1770 4336 3166 4416; baseline 0.004 -21"><span class='ocrx_word' id='word_1_481' title='bbox 1770 4357 2029 4396; x_wconf 77' lang='lat' dir='ltr'>usuram</span> <span class='ocrx_word' id='word_1_482' title='bbox 2095 4359 2216 4396; x_wconf 90' lang='lat' dir='ltr'>non</span> <span class='ocrx_word' id='word_1_483' title='bbox 2246 4339 2494 4397; x_wconf 88' lang='lat' dir='ltr'>dederit</span> <span class='ocrx_word' id='word_1_484' title='bbox 2538 4341 2804 4416; x_wconf 53' lang='lat' dir='ltr'>(Alutela,</span> <span class='ocrx_word' id='word_1_485' title='bbox 2838 4341 3051 4414; x_wconf 76' lang='lat' dir='ltr'>XXV,</span> <span class='ocrx_word' id='word_1_486' title='bbox 3157 4336 3166 4342; x_wconf 70' lang='grc'><strong>’</strong></span> 
     </span>
    </p>
   </div>
   <div class='ocr_carea' id='block_1_11' title="bbox 1766 4418 3056 4818">
    <p class='ocr_par' dir='ltr' id='par_1_14' title="bbox 1766 4418 3056 4818">
     <span class='ocr_line' id='line_1_60' title="bbox 1770 4418 3050 4518; baseline 0.002 -43"><span class='ocrx_word' id='word_1_487' title='bbox 1770 4419 1866 4518; x_wconf 66' lang='grc'>27;</span> <span class='ocrx_word' id='word_1_488' title='bbox 1913 4419 2079 4493; x_wconf 60' lang='lat' dir='ltr'>Luc„</span> <span class='ocrx_word' id='word_1_489' title='bbox 2113 4418 2299 4492; x_wconf 86' lang='lat' dir='ltr'>XIX,</span> <span class='ocrx_word' id='word_1_490' title='bbox 2321 4420 2416 4492; x_wconf 80' lang='lat'>‘233</span> <span class='ocrx_word' id='word_1_491' title='bbox 2450 4419 2524 4477; x_wconf 77' lang='lat' dir='ltr'>V.</span> <span class='ocrx_word' id='word_1_492' title='bbox 2557 4419 2798 4493; x_wconf 81' lang='lat' dir='ltr'>Mastr.,</span> <span class='ocrx_word' id='word_1_493' title='bbox 2833 4423 2913 4497; x_wconf 60' lang='grc' dir='ltr'>ξξ</span> <span class='ocrx_word' id='word_1_494' title='bbox 2955 4422 3050 4494; x_wconf 81' lang='lat'>75,</span> 
     </span>
     <span class='ocr_line' id='line_1_61' title="bbox 1784 4499 3054 4656; baseline 0.004 -22"><span class='ocrx_word' id='word_1_495' title='bbox 1784 4499 2102 4656; x_wconf 37' lang='lat' dir='ltr'>tbingf.</span> <span class='ocrx_word' id='word_1_496' title='bbox 2147 4578 2456 4654; x_wconf 65' lang='lat' dir='ltr'>Mastrof„</span> <span class='ocrx_word' id='word_1_497' title='bbox 2491 4580 2529 4656; x_wconf 66' lang='grc' dir='ltr'>ξ</span> <span class='ocrx_word' id='word_1_498' title='bbox 2563 4581 2695 4654; x_wconf 83' lang='grc'>113,</span> <span class='ocrx_word' id='word_1_499' title='bbox 2735 4585 2853 4638; x_wconf 87' lang='lat' dir='ltr'>etc.</span> <span class='ocrx_word' id='word_1_500' title='bbox 2891 4579 3054 4639; x_wconf 85' lang='lat' dir='ltr'>Sane</span> 
     </span>
     <span class='ocr_line' id='line_1_62' title="bbox 1769 4656 3055 4734; baseline 0.002 -18"><span class='ocrx_word' id='word_1_501' title='bbox 1769 4656 1954 4717; x_wconf 90' lang='lat' dir='ltr'>Conc.</span> <span class='ocrx_word' id='word_1_502' title='bbox 1999 4658 2260 4718; x_wconf 87' lang='lat' dir='ltr'>Nicaen.</span> <span class='ocrx_word' id='word_1_503' title='bbox 2291 4679 2520 4718; x_wconf 85' lang='lat' dir='ltr'>usuras</span> <span class='ocrx_word' id='word_1_504' title='bbox 2551 4660 2944 4734; x_wconf 82' lang='lat' dir='ltr'>centesimas,</span> <span class='ocrx_word' id='word_1_505' title='bbox 2991 4667 3055 4719; x_wconf 82' lang='lat' dir='ltr'>et</span> 
     </span>
     <span class='ocr_line' id='line_1_63' title="bbox 1766 4739 3056 4818; baseline 0.003 -22"><span class='ocrx_word' id='word_1_506' title='bbox 1766 4741 2068 4798; x_wconf 69' lang='lat' dir='ltr'>hemiolia</span> <span class='ocrx_word' id='word_1_507' title='bbox 2098 4739 2318 4818; x_wconf 70' lang='lat'>(50‘70)</span> <span class='ocrx_word' id='word_1_508' title='bbox 2348 4741 2512 4818; x_wconf 82' lang='lat' dir='ltr'>exigi</span> <span class='ocrx_word' id='word_1_509' title='bbox 2549 4739 2788 4814; x_wconf 83' lang='lat' dir='ltr'>vetuit;</span> <span class='ocrx_word' id='word_1_510' title='bbox 2820 4746 2885 4799; x_wconf 88' lang='lat' dir='ltr'>et</span> <span class='ocrx_word' id='word_1_511' title='bbox 2942 4742 3056 4800; x_wconf 89' lang='lat' dir='ltr'>cle-</span> 
     </span>
    </p>
   </div>
   <div class='ocr_carea' id='block_1_12' title="bbox 2887 4901 2942 4940">
    <p class='ocr_par' dir='ltr' id='par_1_15' title="bbox 2887 4901 2942 4940">
     <span class='ocr_line' id='line_1_64' title="bbox 2887 4901 2942 4940; baseline -0.036 0"><span class='ocrx_word' id='word_1_512' title='bbox 2887 4901 2942 4940; x_wconf 71' lang='grc'>29</span> 
     </span>
    </p>
   </div>
  </div>
 </body>
</html>
