3584 5350
705 306 710 311 ι
816 337 1044 383 SEOTIO
1087 339 1129 385 1.
1184 338 1534 381 COMMUNIA
1577 336 1952 389 UTRIUSQUE
1992 336 2495 383 RESTITUTIONIS
2881 322 2990 381 181

326 469 522 575 idest,
571 488 632 555 si
675 505 766 553 ex
809 505 894 554 ea
937 487 1274 573 erogavit,
1321 488 1504 571 quod
1535 487 1708 553 alias
1753 489 1840 553 de
1884 504 2011 553 suo
2057 485 2466 569 erogaturus
2496 486 2761 571 fuisset,
2808 505 2877 551 v.
2910 504 2995 569 c.,

323 597 708 663 necessaria
752 597 840 661 ad
885 594 1236 680 vestitum,
1285 597 1373 660 ad
1419 595 1707 669 victum.
1753 595 1851 661 At
1878 612 2042 661 vero
2073 596 2131 661 si
2176 611 2322 661 rem
2354 593 2657 661 alienam
2703 595 2993 661 minoris

323 703 506 782 emit,
555 704 678 769 aut
721 702 942 785 pluris
985 702 1317 787 vendidit,
1367 700 1652 767 eatenus
1699 700 2049 769 videbitur
2094 702 2321 767 factus
2367 700 2597 786 ditior,
2655 702 2996 784 quatenus
3060 728 3065 733 ·

325 809 491 877 iusti
535 809 740 893 pretii
787 809 958 875 flues
1003 824 1142 875 non
1191 808 1520 895 excessit,
1567 826 1730 874 nam
1777 810 1961 891 quod
2009 808 2193 874 ultra
2223 810 2481 874 citrave
2520 807 2658 895 est,
2692 808 2815 875 aut
2857 808 2997 875 fur-

325 918 474 983 tum
523 920 648 1001 est,
694 914 816 981 aut
863 916 1350 997 compendium
1419 932 1506 981 ex
1573 916 1987 980 liberalitate
2047 915 2361 1001 ementis,
2425 915 2547 981 aut
2608 915 2993 981 vendentis,

325 1026 458 1091 Sed
503 1022 633 1091 etsi
679 1022 842 1089 iusti
893 1023 1096 1103 pretii
1142 1020 1313 1087 fines
1360 1039 1500 1087 non
1545 1022 1997 1108 praeterierit,
2045 1024 2105 1087 si
2150 1024 2319 1104 quid
2364 1023 2465 1087 rei
2514 1040 2679 1088 suae
2742 1025 2851 1088 vel
2899 1025 2997 1088 la-

329 1132 478 1199 bori
526 1132 632 1195 vel
682 1128 1064 1195 industriae
1109 1128 1557 1195 tribuendum
1604 1128 1715 1214 sit,
1764 1147 1905 1194 non
1955 1129 2305 1196 videbitur
2351 1132 2425 1194 in
2474 1131 2581 1195 his
2628 1128 2854 1195 factus
2902 1131 2999 1195 di-

329 1240 496 1325 tior,
542 1236 613 1304 et
658 1237 730 1301 in
780 1236 1022 1319 primis
1069 1236 1148 1321 si,
1218 1234 1298 1300 ut
1343 1252 1488 1301 rem
1557 1237 1785 1301 carius
1831 1234 2265 1323 distraheret,
2335 1253 2489 1301 eam
2536 1236 2646 1302 sui
2707 1238 2997 1321 periculi

328 1344 493 1411 fecit
523 1344 695 1425 (20):
745 1341 814 1407 et
843 1342 901 1407 si
933 1342 1128 1407 illam
1177 1341 1482 1429 donavit,
1529 1342 1598 1407 et
1627 1340 1948 1408 antidora
1978 1342 2661 1423 (remunerationem)
2710 1344 2997 1429 accepit,

331 1454 402 1517 in
453 1452 582 1517 hoc
627 1452 851 1515 solum
898 1448 1246 1516 videbitur
1289 1447 1510 1513 factus
1558 1448 1768 1515 ditior
1799 1448 1959 1529 (21).
2009 1448 2191 1524 Quid
2236 1448 2294 1513 si
2344 1446 2434 1529 id,
2485 1448 2559 1514 in
2590 1467 2727 1532 quo
2774 1449 2997 1516 factus

329 1559 557 1625 fuerat
605 1558 1027 1640 locupletior,
1082 1556 1320 1639 postea
1351 1556 1412 1623 ei
1447 1555 1813 1638 depereat?
1846 1556 1915 1621 et
1945 1558 2002 1621 si
2034 1573 2124 1621 ex
2154 1573 2235 1621 eo
2266 1557 2765 1639 patrimonium
2791 1574 2997 1623 suum

332 1666 643 1750 auxerat,
692 1682 830 1729 non
879 1664 1229 1737 videbitur
1271 1662 1497 1728 factus
1543 1662 1970 1748 locupletior,
2017 1662 2088 1727 et
2131 1663 2419 1745 planum
2450 1661 2554 1727 est
2586 1662 2761 1749 (22),
2806 1678 3000 1729 secus

333 1772 390 1838 si
437 1789 579 1838 non
626 1772 978 1855 diminuit,
1025 1770 1280 1853 quippe
1325 1770 1498 1835 alias
1543 1772 1630 1835 de
1661 1786 1786 1835 suo
1820 1771 2277 1854 impensurus,
2324 1772 2434 1835 vel
2468 1770 3003 1851 consumpturus

333 1879 574 1945 fuisset
619 1878 778 1960 (23).
826 1876 978 1959 Age
1025 1878 1263 1963 mod0;
1326 1878 1444 1959 qui
1492 1877 1561 1942 et
1605 1892 1750 1942 rem
1798 1874 2195 1958 ademptam
2258 1878 2395 1958 (vel
2440 1875 2769 1959 pretium)
2814 1876 3001 1941 resti-

336 1984 490 2069 tuit,
538 1984 608 2051 et
652 1986 725 2049 id
771 1986 952 2067 quod
1001 1983 1304 2070 interest,
1371 1984 1432 2049 is
1474 1986 1562 2049 ad
1609 1982 2099 2066 aequalitatem
2149 1982 2489 2069 restitu-it3
2538 1984 2707 2065 quid
2768 1983 3003 2067 igitur,

335 2094 394 2159 si
441 2110 531 2157 ex
575 2108 658 2157 ea
715 2091 1130 2157 naturaliter
1187 2090 1450 2173 aliquid
1514 2092 1690 2156 lucri
1749 2089 2005 2173 fecerit,
2068 2092 2251 2173 quod
2312 2090 2635 2155 dominus
2696 2088 3003 2155 facturus

337 2252 503 2325 chez,
533 2252 632 2325 D.,
665 2248 754 2324 Π,
787 2249 880 2323 23,
930 2251 995 2323 1;
1039 2248 1241 2323 Salm.,
1291 2248 1380 2323 13,
1416 2252 1466 2323 1,
1497 2248 1619 2329 42).

337 2332 431 2390 At
452 2333 505 2391 si
530 2349 729 2405 neque
752 2330 1196 2407 patrimonium
1219 2348 1398 2387 suum
1423 2330 1618 2403 auxit,

338 2394 874 2487 neqfie‘ffiminuit,
899 2430 1021 2468 non
1065 2409 1386 2469 videbitur
1412 2409 1622 2468 factus

339 2492 532 2550 ditior
573 2510 650 2550 ex
690 2510 758 2549 re
795 2490 1026 2563 aliena,
1071 2494 1248 2566 puta,
1311 2491 1364 2547 si
1409 2491 1475 2547 in
1518 2490 1622 2546 im-

341 2572 552 2651 pensis
597 2570 1016 2647 voluptuariis
1044 2570 1330 2647 erogavit
1372 2568 1521 2648 (Git.
1547 2569 1620 2627 L.

339 2652 394 2728 3,
441 2652 480 2730 §
524 2649 644 2711 Sed
683 2652 742 2710 si
793 2655 1037 2721 mutua,
1077 2650 1172 2708 De
1211 2651 1282 2710 in
1323 2668 1452 2708 rem
1495 2668 1624 2707 ver-

339 2736 464 2806 εο“);
509 2733 796 2808 quamvis
839 2731 1303 2808 dilapidaverit,
1343 2730 1622 2807 perdide-

252 2826 260 2836 ·
341 2815 446 2889 rit,
489 2814 556 2870 in
601 2818 818 2888 turpes
841 2831 993 2870 usus
1037 2812 1492 2887 consumpserit
1520 2810 1619 2887 (L.

340 2893 436 2968 28,
495 2894 534 2970 ξ
588 2891 928 2966 Consuluit,
992 2892 1086 2950 De
1139 2891 1324 2950 Petit.
1381 2893 1622 2966 hered.;

341 2973 536 3051 LugO,
570 2971 789 3046 XVII,
817 2971 948 3049 18);
979 2989 1180 3047 neque
1199 2973 1362 3030 enim
1387 2975 1623 3048 specta-

219 3061 224 3066 “
343 3059 466 3127 tur,
511 3073 592 3112 an
636 3054 805 3126 bone,
871 3052 980 3110 sed
1023 3071 1102 3110 an
1153 3053 1327 3109 lucro
1389 3051 1623 3109 domini

341 3132 682 3193 accesserit
703 3131 866 3206 quod
887 3138 1319 3209 consumptum
1348 3136 1449 3189 est
1471 3131 1620 3208 (Cit.

342 3213 416 3272 L.
461 3213 515 3288 3,
561 3213 600 3290 ξ
643 3212 938 3288 Necnon).
983 3213 1194 3287 Atque
1237 3212 1374 3270 ideo
1429 3212 1484 3268 is
1514 3212 1622 3286 qui

343 3313 410 3352 se
454 3293 650 3370 solum
693 3291 980 3350 heredem
1023 3293 1432 3366 existimavit,
1465 3291 1624 3349 nihil

343 3393 420 3434 ex
462 3373 564 3432 his
605 3373 671 3430 in
714 3373 1056 3446 portionem
1087 3391 1261 3432 suam
1284 3373 1624 3448 imputabit

335 3453 496 3527 (Cit.
540 3453 613 3511 L.
643 3452 743 3525 28,
785 3451 824 3528 ἓ
855 3453 1062 3530 Adeo).
1107 3450 1293 3526 Quid,
1339 3453 1391 3510 ei
1421 3471 1496 3510 ex
1526 3471 1624 3528 pe-

344 3535 532 3592 cunia
587 3531 792 3591 aliena
855 3533 914 3591 ei
957 3531 1163 3605 solvit,
1227 3551 1408 3606 quem
1466 3530 1623 3589 falso

343 3613 716 3672 creditorem
731 3611 1164 3672 existimavit?
1181 3612 1416 3686 Utique
1433 3611 1624 3670 ditior

345 3693 555 3753 factus
597 3691 933 3766 videbitur,
965 3691 1114 3766 quia
1149 3692 1417 3752 indebiti
1459 3711 1625 3768 repe-

345 3775 634 3832 titionem
675 3772 867 3830 habet
927 3771 1076 3848 (Cit.
1121 3773 1194 3830 L.
1236 3772 1290 3846 3,
1353 3769 1472 3830 Sed
1513 3775 1628 3830 etsi

345 3854 638 3930 mavit„
681 3852 794 3912 sed
836 3853 889 3911 si
933 3854 1258 3928 pecuniam
1304 3872 1478 3910 suam
1523 3873 1627 3928 pu-

346 3935 532 4007 tavit,
563 3933 840 3992 actiones
871 3932 1088 3991 cedere
1118 3937 1325 4010 potest
1354 3932 1478 4009 (Ex
1501 3929 1624 3990 Cit.

347 4015 422 4074 L.
464 4014 520 4087 3,
565 4015 604 4090 §
645 4014 801 4071 Item
843 4013 1086 4089 Labeo).

429 4093 558 4170 (20)
602 4093 732 4150 LL.
777 4093 872 4167 32,
904 4093 1000 4166 62,
1045 4094 1139 4150 De
1169 4094 1244 4150 B.
1287 4095 1393 4167 V.,·
1433 4091 1623 4166 Moli„

349 4173 428 4233 D.
451 4173 588 4231 721.
611 4208 630 4216 -
653 4173 769 4232 Rei
789 4173 1360 4250 (Lugo‚Xxs'II,19);
1379 4177 1453 4230 ut
1468 4192 1624 4246 ecce,

347 4256 404 4313 si
448 4253 720 4312 vitulum
763 4251 1072 4311 furtivum
1117 4254 1528 4330 saginaveri83
1573 4255 1627 4311 si

350 4336 415 4392 in
445 4353 512 4392 re
556 4333 760 4392 aliena
803 4331 1041 4407 aliquid
1087 4333 1464 4409 impenderis
1494 4353 1629 4391 con-

349 4413 698 4473 servandae
727 4414 862 4471 eius
892 4432 1112 4486 causa3
1145 4415 1198 4472 si
1227 4433 1360 4472 eam
1383 4413 1505 4470 alio
1527 4413 1630 4470 ad-

351 4495 616 4567 vexeriS,
661 4498 726 4552 et
768 4494 977 4551 carius
1018 4493 1399 4552 vendideriS.
1433 4495 1516 4551 Et
1562 4496 1626 4552 in

339 4575 578 4652 fflmis
605 4577 682 4645 εἰ,
724 4579 842 4632 etc.
887 4571 1011 4648 (Ex
1033 4575 1142 4632 cit.
1187 4574 1258 4632 L.
1289 4573 1424 4652 62);
1455 4577 1627 4650 puta,

352 4655 406 4712 si
451 4672 578 4712 rem
609 4652 779 4712 furto
821 4652 1096 4712 ablatam
1139 4653 1468 4712 advexeris
1511 4653 1632 4711 dis-

352 4733 725 4794 trahendam
786 4753 906 4811 quo
968 4734 1096 4793 loco
1159 4734 1411 4812 plurimi
1473 4739 1628 4811 erat,

1730 2270 1870 2307 cum
1913 2248 2185 2326 periculo
2228 2248 2546 2307 incidendi
2588 2250 2654 2307 in
2697 2248 3005 2322 latrones3

1730 2330 1867 2388 ideo
1910 2331 1964 2387 si
2022 2330 2346 2406 pecuniam
2408 2326 2713 2386 furtivam
2774 2328 3010 2387 foenori

1731 2409 1996 2484 dederiS,
2041 2429 2267 2467 usuras
2310 2410 2645 2467 restituere
2690 2428 2811 2469 non
2839 2428 3010 2487 coge-

1731 2491 1837 2547 riS.
1882 2490 1968 2547 Et
2012 2488 2413 2548 nihilominus
2457 2489 2712 2563 quidam
2774 2510 2849 2547 ex
2892 2488 3009 2547 No-

1732 2570 1885 2629 stris
1948 2573 2198 2646 putant,
2256 2572 2605 2649 industriae
2661 2570 3007 2628 venditoris

1729 2649 2133 2710 tribuendum
2176 2668 2313 2709 esse
2355 2650 2436 2724 id,
2483 2650 2645 2724 quod
2690 2648 2889 2728 pluris
2914 2670 3022 2708 su·-

1729 2751 1843 2808 pra
1884 2731 2154 2790 medium
2195 2731 2467 2807 pretium
2512 2731 2820 2790 vendidit.
2870 2729 3007 2802 Quo

1729 2813 1881 2885 iure,
1908 2809 2130 2869 sodes?
2160 2809 2346 2883 Quid,
2378 2812 2433 2868 si
2454 2817 2693 2887 emptor
2721 2811 2855 2887 ipse
2879 2830 3009 2887 pre-

1732 2891 1888 2948 tium
1932 2911 2235 2950 summum
2291 2889 2589 2948 obtulerit
2646 2891 2749 2969 (V.
2794 2891 2865 2949 L.
2911 2891 3006 2966 25,

1729 2973 1823 3029 De
1852 2969 2355 3048 Petit.·Hercd.)‘?
2412 3025 2425 3032 -

1812 3052 1939 3128 (21)
1984 3051 2056 3109 L.
2106 3050 2200 3125 28,
2259 3051 2299 3127 ξ
2365 3049 2711 3124 Consuluit,
2757 3053 3009 3110 Eodem.

1729 3167 1750 3176 -
1778 3131 2011 3205 Solimi,
2044 3132 2191 3206 quia
2221 3131 2459 3208 species
2488 3129 2648 3189 lucri
2689 3135 2804 3204 est,
2834 3132 3012 3190 bene-

1730 3211 1857 3270 ficii
1901 3211 2241 3270 debitorem
2271 3211 2390 3269 sibi
2421 3211 2741 3286 acquirere
2784 3211 2883 3288 (L.
2915 3211 3009 3286 56,

1730 3294 1826 3350 De
1868 3293 1931 3348 F
1927 3293 2090 3369 art).

1813 3372 1941 3449 (22)
1984 3371 2081 3430 Ex
2126 3374 2232 3430 cit.
2278 3372 2317 3446 ,8
2383 3369 2727 3430 Consuluit.
2795 3371 3010 3430 Veluti

1733 3455 1788 3512 si
1832 3472 1909 3511 ex
1952 3453 2153 3529 pretio
2195 3453 2285 3510 rei
2315 3451 2557 3510 alienae
2586 3471 2806 3510 nomeu
2836 3451 3007 3525 fecit,

1735 3533 1835 3592 vel
1864 3531 2203 3608 praedium,
2235 3532 2477 3590 domum
2508 3532 2675 3606 emit;
2707 3533 2761 3589 si
2798 3538 3012 3608 postea

1733 3613 1979 3672 debitor
2021 3613 2314 3671 solvendo
2356 3631 2490 3671 esse
2520 3611 2797 3684 desierit,
2842 3631 3015 3688 prae-

1734 3692 1905 3752 dium
1934 3693 2361 3766 inundatione,
2394 3692 2609 3750 domus
2632 3697 3011 3750 terraemotu

1734 3774 2013 3850 perierit.

1817 3853 1945 3930 (23)
2016 3853 2087 3910 L.
2164 3853 2253 3926 18,
2322 3852 2497 3921 de
2552 3857 2751 3910 metus
2804 3871 3011 3912 causa.

1735 3933 1921 4006 Puta,
1968 3935 2022 3990 si
2051 3935 2229 3990 eunti
2272 3933 2353 3990 ad
2383 3931 2715 4005 nundinae,
2748 3931 3014 3990 frumen-

1735 4017 1872 4071 tum
1940 4012 2213 4072 familiae
2282 4013 2701 4072 necessarium
2770 4013 3014 4070 emendi

1735 4113 1925 4152 causa
1970 4111 2107 4151 cum
2139 4094 2401 4169 pecunia
2444 4113 2567 4151 non
2598 4113 2728 4166 sua,
2773 4092 2926 4150 haec
2956 4094 3012 4150 ei

1737 4178 2029 4249 surrepta
2060 4173 2285 4246 fuerit3
2317 4173 2418 4232 vel
2446 4177 2719 4250 emptum
2750 4173 3017 4230 frumen-

1737 4257 1871 4311 tum
1916 4259 2131 4329 postea
2160 4253 2355 4310 fuerit
2384 4259 2763 4328 corruptum,
2796 4251 2893 4310 vel
2925 4273 3016 4310 ar·

1737 4333 1927 4407 serit;
1958 4353 2101 4392 nam
2144 4333 2301 4391 alias
2332 4334 2657 4408 pecuniam
2690 4353 2863 4390 suam
2894 4352 3018 4390 ero-

1696 4436 1714 4456 ·
1738 4419 1953 4490 gasset
1984 4413 2081 4490 (L.
2111 4414 2165 4487 3,
2211 4413 2250 4488 ξ
2292 4415 2480 4487 Unde,
2512 4415 2605 4470 De
2636 4417 2698 4471 ἐπ
2730 4431 2859 4470 rem.
2891 4431 3016 4470 ver-

1737 4496 1862 4569 80):
1908 4495 1979 4566 si,
2025 4513 2163 4552 cum
2192 4493 2429 4552 laribus
2472 4499 2733 4566 careret,
2772 4493 3017 4550 domurn

1739 4575 1858 4632 sibi
1904 4575 2307 4650 comparavit,
2338 4593 2497 4648 quae
2527 4579 2741 4650 postea
2788 4577 3015 4630 terrae-

1739 4659 1907 4711 motu
1952 4655 2189 4712 corruit
2232 4655 2355 4712 (Ex
2397 4655 2504 4711 cit.
2549 4655 2587 4731 ξ
2628 4653 2843 4730 Unde).
