3584 5350
1383 811 2048 998 ΠΒΕΒ.
2107 812 2308 940 Π.

670 1021 834 1154 im
891 1055 1959 1156 OBL1GAT10N1BUS
2016 1070 2358 1154 ERGA
2413 1070 2557 1155 sn
2612 1069 3002 1155 IPSUM

1681 1285 1997 1292 m.-

1155 1615 1935 1715 TRAGTATUS
2012 1615 2519 1716 UNIGUS

1680 1841 1998 1848 ——ss

643 2070 750 2132 62.
801 2067 1053 2132 Actum
1099 2067 1202 2132 est
1247 2070 1334 2132 de
1379 2067 1924 2149 obligationibus
1983 2083 2152 2149 erga
2204 2067 2462 2132 Deum:
2528 2067 2840 2149 sequitur
2893 2066 2971 2131 ut
3014 2049 3175 2150 agass

510 2181 672 2239 mus·
696 2175 782 2238 de
806 2171 1345 2256 obligationibus
1369 2190 1537 2256 erga
1558 2161 1882 2256 seipsum.
1902 2173 2146 2238 Omnis
2169 2170 2388 2255 igitur
2409 2172 2743 2255 obligatio
2771 2172 3165 2238 huiusmodi

509 2282 598 2346 ab
643 2281 794 2362 ipsa
839 2279 1092 2348 natura
1137 2280 1440 2346 hominis
1485 2280 1741 2346 statum
1791 2279 1995 2362 capit.
2042 2279 2269 2345 Homo
2316 2280 2727 2346 naturaliter
2764 2296 2931 2345 suae
2960 2279 3169 2344 felici-

509 2386 638 2452 tati
699 2385 964 2453 studet:
1030 2377 1190 2452 inde
1248 2387 1686 2470 prosequitur
1745 2404 1906 2453 cum
1954 2386 2195 2470 primis
2244 2386 2598 2452 sensibilia
2657 2387 2727 2452 et
2788 2386 3171 2470 corporalia

511 2495 710 2582 bona,
757 2493 1017 2576 refugit
1047 2494 1280 2559 autem
1327 2495 1683 2560 sensibilia
1726 2494 1797 2560 et
1844 2494 2226 2576 corporalia
2272 2496 2492 2581 mala3
2539 2511 2805 2579 nempe,
2838 2493 3168 2577 appetitu.

507 2599 720 2666 Porro
765 2616 1028 2685 eorum,
1060 2615 1236 2684 quae
1269 2601 1476 2666 homo
1522 2599 1935 2667 naturaliter
1982 2598 2159 2686 avet,
2186 2601 2331 2670 aut
2374 2599 2652 2686 refugit,
2702 2601 2880 2666 ratio
2918 2599 3025 2666 est
3072 2617 3172 2666 or-

509 2707 818 2774 dinatrix
850 2706 983 2791 (1):
1011 2725 1100 2773 ne
1124 2708 1340 2791 igitur
1371 2708 1716 2790 appetitus
1748 2725 1790 2773 a
1821 2708 2089 2775 ratione
2122 2706 2474 2793 desciscat,
2510 2706 2579 2773 et
2609 2708 2926 2791 illisplus
2951 2726 3170 2790 aequo

509 2816 890 2898 indulgeat,
937 2816 1026 2881 ab
1073 2816 1180 2880 his
1227 2820 1381 2899 plus
1427 2833 1646 2899 aequo
1691 2813 2015 2898 refugiat,
2065 2815 2259 2879 illinc
2318 2814 2775 2895 temperantia
2834 2813 3001 2880 data
3044 2816 3169 2900 est,

508 2922 674 2986 hinc
719 2917 1074 3001 fortitudo.
1124 2918 1259 2988 Sed
1297 2939 1518 3005 neque
1551 2924 1719 2987 haec
1751 2921 1921 2987 satis
1952 2920 2150 3006 sunt3
2185 2938 2347 2986 nam
2382 2920 2716 3004 quidquid
2751 2922 3165 3009 faciendum,

506 3029 631 3094 aut
673 3028 1087 3111 fugiendum
1132 3028 1255 3113 est,
1306 3030 1592 3111 quisque
1639 3028 1885 3115 facere,
1933 3029 2171 3111 fugere
2218 3030 2439 3113 debet,
2487 3046 2645 3093 cum
2710 3026 2997 3112 oportet,
3045 3028 3165 3093 ubi

507 3134 794 3220 oportet,
827 3136 1032 3219 prout
1063 3136 1331 3218 oportet
1363 3136 1488 3218 (2):
1540 3137 1708 3201 haec
1736 3135 2119 3217 prudentia
2167 3136 2382 3202 docet.
2424 3136 2907 3221 Quamobrem,
2938 3136 3167 3202 omnis

435 3246 444 3254 ‘
508 3241 808 3309 hominis
868 3260 1035 3326 erga
1095 3244 1396 3325 seipsum
1459 3244 1792 3325 obligatio
1855 3244 2075 3310 oritur
2120 3260 2276 3309 cum
2324 3243 2566 3326 primis
2612 3245 2717 3308 vel
2768 3261 2857 3307 ex
2918 3242 3169 3326 tempe-

507 3348 758 3434 rantia,
804 3352 911 3416 vel
961 3368 1050 3415 ex
1098 3348 1525 3435 fortitudine,
1576 3352 1680 3414 vel
1733 3368 1821 3415 ex
1868 3350 2258 3433 prudentia.

1644 3614 1940 3681 CAPUT
1986 3618 2039 3681 Ι.

1483 3790 1578 3841 ΒΕ
1625 3790 2171 3841 TEMPERAN'HA.

643 3994 746 4057 63.
795 3994 1143 4058 Bonorum
1177 3992 1608 4057 sensibilium
1645 3989 1849 4074 (quae
1880 3993 1967 4055 ad
2000 3990 2217 4055 vitam
2252 3991 2628 4076 pertinent)
2664 3994 2914 4075 triplex
2946 4010 3168 4076 genus

507 4098 630 4165 est.
679 4102 854 4167 Nam
901 4100 1236 4183 quaedam
1270 4100 1360 4163 ad
1393 4100 1855 4184 individuum,
1904 4087 2239 4181 quaedam
2286 4101 2374 4164 ad
2421 4100 2715 4181 speciem
2762 4117 3167 4167 conservan-

505 4208 689 4290 dam,
713 4208 1050 4288 quaedam
1085 4222 1247 4271 vero
1277 4206 1367 4269 ad
1399 4206 1615 4270 vitam
1643 4207 2086 4271 recreandam
2114 4207 2276 4270 sunt
2300 4207 2637 4271 ordinata.
2666 4206 2855 4282 Quae
2878 4208 3175 4297 proinde·

507 4312 774 4378 licitum
823 4312 924 4379 est
971 4312 1310 4399 prosequi,
1358 4313 1428 4378 et
1473 4311 1859 4395 appetitum
1906 4330 2175 4395 quoque
2222 4313 2365 4377 suis
2426 4312 2693 4379 actibus
2754 4314 2928 4401 frui,
2977 4316 3169 4380 dum·

507 4421 710 4485 modo
757 4421 827 4484 id
872 4419 994 4486 flat
1041 4420 1240 4485 iuxta
1289 4413 1515 4485 rectae
1560 4419 1851 4485 rationis
1898 4422 2209 4501 regulam
2247 4420 2381 4503 (1):
2418 4420 2613 4507 idest,
2648 4422 2721 4486 in
2768 4440 2925 4487 eum
2974 4422 3170 4487 dum-

588 4632 676 4709 (1)
722 4630 797 4689 D.
841 4631 972 4705 Th„
1019 4634 1072 4702 2,
1117 4634 1171 4705 2,
1221 4634 1350 4705 151,
1383 4632 1438 4689 2.
1888 4638 2055 4691 cant.
2098 4631 2351 4708 Nempe,
2388 4635 2659 4691 rationis
2672 4650 2699 4709 ,·
2726 4652 2869 4690 nam
2896 4633 3163 4691 medium

585 4714 673 4791 (2)
719 4712 794 4769 D.
838 4712 969 4785 Th„
1019 4716 1075 4783 1,-
1113 4713 1167 4782 2,
1225 4714 1319 4782 (54,
1383 4716 1404 4767 1
1471 4710 1550 4769 ad
1593 4710 1648 4767 ⁸2.
1693 4712 1781 4769 Et
1887 4714 1981 4771 ‘ret'
2021 4712 2097 4769 ad
2146 4713 2455 4771 iustitiam
2498 4715 2791 4789 pertinet.

502 4791 614 4851 hoc
657 4798 756 4851 est
815 4794 1081 4851 medium
1140 4793 1404 4851 virtutis
1461 4792 1624 4865 quod
1682 4812 1778 4849 vo·
1970 4794 2058 4869 (1)
2104 4792 2178 4849 D.
2223 4792 2353 4855 Th..
2401 4795 2453 4853 ⁸2.
2498 4795 2552 4852 2.
2604 4796 2731 4853 141.
2783 4796 2832 4850 1.
